id,timestamp,price,volume,side,rpi
1,1747612836878,0.2271,220.16,buy,0
2,1747612899754,0.2259,150.99,sell,0
3,1747612901909,0.2257,8.57,sell,0
4,1747612921844,0.2258,110.34,buy,0
5,1747612925728,0.2261,34.84,buy,0
6,1747612925728,0.2261,34.84,buy,0
7,1747612925728,0.2261,34.84,buy,0
8,1747612925728,0.2261,51.6,buy,0
9,1747612925733,0.2261,60,buy,0
10,1747613052666,0.2261,110.28,buy,0
11,1747613052666,0.2261,1228.12,buy,0
12,1747613052681,0.2261,1743.26,sell,0
13,1747613060780,0.2262,1226.82,buy,0
14,1747613061007,0.2263,404.86,sell,0
15,1747613070168,0.2265,110.44,buy,0
16,1747613073786,0.2266,404.86,sell,0
17,1747613073786,0.2266,404.86,sell,0
18,1747613084477,0.2264,1235.48,buy,0
19,1747613101402,0.2267,8.56,buy,0
20,1747613101768,0.2267,404.86,sell,0
21,1747613111804,0.2268,110.56,buy,0
22,1747613111804,0.2268,1221.16,buy,0
23,1747613114585,0.2269,123.06,buy,0
24,1747613119199,0.227,1100.82,sell,0
25,1747613133906,0.2271,110.3,buy,0
26,1747613138695,0.2271,50.41,sell,0
27,1747613138695,0.2271,34.69,sell,0
28,1747613140202,0.2271,1237.43,buy,0
29,1747613180803,0.2268,34.72,buy,0
30,1747613180803,0.2268,51.08,buy,0
31,1747613195928,0.2268,36.71,sell,0
32,1747613195928,0.2268,34.73,sell,0
33,1747613207982,0.2266,404.86,sell,0
34,1747613207982,0.2266,404.86,sell,0
35,1747613228608,0.227,34.69,buy,0
36,1747613228608,0.227,35.06,buy,0
37,1747613229896,0.2271,110.58,buy,0
38,1747613259241,0.2271,404.86,sell,0
39,1747613259241,0.2271,32.07,sell,0
40,1747613259241,0.2271,110.52,sell,0
41,1747613267777,0.2271,110.46,sell,0
42,1747613282454,0.2273,20.8,buy,0
43,1747613282454,0.2273,8.67,buy,0
44,1747613285486,0.2274,110.24,buy,0
45,1747613321941,0.2276,14.55,buy,0
46,1747613321941,0.2276,47.35,buy,0
47,1747613322452,0.2277,7,buy,0
48,1747613322452,0.2277,8.56,buy,0
49,1747613322452,0.2277,7.41,buy,0
50,1747613322452,0.2277,7.94,buy,0
51,1747613329485,0.2277,26.96,sell,0
52,1747613329580,0.2276,117.32,sell,0
53,1747613329580,0.2277,83.3,sell,0
54,1747613329585,0.2276,26.96,sell,0
55,1747613329586,0.2276,31.46,sell,0
56,1747613331853,0.2276,47.14,sell,0
57,1747613332022,0.2276,46.71,sell,0
58,1747613332609,0.2276,46.66,sell,0
59,1747613338159,0.2279,110.2,buy,0
60,1747613338159,0.2279,119.01,buy,0
61,1747613338159,0.2278,15.11,buy,0
62,1747613338167,0.228,85.08,buy,0
63,1747613338167,0.228,5.94,buy,0
64,1747613338167,0.228,109.88,buy,0
65,1747613338167,0.228,6.9,buy,0
66,1747613374291,0.227,110.5,sell,0
67,1747613374291,0.227,404.86,sell,0
68,1747613375522,0.2269,118.29,sell,0
69,1747613376544,0.2268,85.74,sell,0
70,1747613377602,0.2268,26.91,sell,0
71,1747613377609,0.2268,67.32,sell,0
72,1747613377611,0.2268,26.91,sell,0
73,1747613388359,0.2267,8.57,sell,0
74,1747613459597,0.2269,108.82,buy,0
75,1747613486194,0.2265,78.76,sell,0
76,1747613486194,0.2265,5.95,sell,0
77,1747613486194,0.2265,1230.42,sell,0
78,1747613489730,0.2263,404.86,sell,0
79,1747613489730,0.2263,404.86,sell,0
80,1747613490807,0.2263,404.86,sell,0
81,1747613514082,0.2262,404.86,sell,0
82,1747613514082,0.2262,404.86,sell,0
83,1747613521545,0.2264,404.86,sell,0
84,1747613603123,0.226,6.91,sell,0
85,1747613603470,0.2259,122.3,buy,0
86,1747613607771,0.2257,8.57,sell,0
87,1747613611487,0.2258,109.18,buy,0
88,1747613619042,0.2259,109.16,buy,0
89,1747613628790,0.226,109.18,buy,0
90,1747613659695,0.2258,415.02,sell,0
91,1747613659695,0.2258,316.96,sell,0
92,1747613659701,0.2258,1552.5,sell,0
93,1747613659742,0.2258,1552.5,sell,0
94,1747613659754,0.2258,1165.22,sell,0
95,1747613659756,0.2258,97.6,sell,0
96,1747613659758,0.2258,279.88,sell,0
97,1747613659767,0.2258,343.64,sell,0
98,1747613659769,0.2258,455.92,sell,0
99,1747613659775,0.2258,1561.12,sell,0
100,1747613659776,0.2258,2537.85,sell,0
101,1747613664288,0.2259,1247.92,buy,0
102,1747613703002,0.2261,1117.76,buy,0
103,1747613703002,0.2261,109.02,buy,0
104,1747613703007,0.2261,108.56,buy,0
105,1747613758359,0.2258,1778.43,sell,0
106,1747613758361,0.2258,2668.66,sell,0
107,1747613758364,0.2258,108.56,sell,0
108,1747613758366,0.2258,1357.21,sell,0
109,1747613758366,0.2258,1552.5,sell,0
110,1747613758371,0.2258,1220.12,sell,0
111,1747613758476,0.2258,1792.98,sell,0
112,1747613758824,0.2258,1135.96,sell,0
113,1747613758829,0.2258,192.17,sell,0
114,1747613809471,0.2257,1229.81,buy,0
115,1747613820936,0.2256,108.82,sell,0
116,1747613820936,0.2256,8.68,sell,0
117,1747613820936,0.2256,7.42,sell,0
118,1747613831036,0.2253,47.4,sell,0
119,1747613845965,0.225,78.76,sell,0
120,1747613845965,0.225,5.95,sell,0
121,1747613845965,0.225,109.84,sell,0
122,1747613845965,0.225,126.48,sell,0
123,1747613845965,0.2251,6.14,sell,0
124,1747613851688,0.2252,44.4,buy,0
125,1747613851784,0.2252,44.4,buy,0
126,1747613873820,0.2251,109.2,buy,0
127,1747613876072,0.2252,46.71,buy,0
128,1747613876116,0.2252,46.71,buy,0
129,1747613883240,0.2252,16.38,buy,0
130,1747613894485,0.2251,109.16,sell,0
131,1747613946566,0.2252,108.92,buy,0
132,1747614020627,0.2252,39.94,buy,0
133,1747614020627,0.2252,54.46,buy,0
134,1747614021545,0.2253,108.92,buy,0
135,1747614134858,0.2255,108.76,buy,0
136,1747614174087,0.2248,7.95,sell,0
137,1747614174087,0.2247,109.8,sell,0
138,1747614174087,0.2247,8.57,sell,0
139,1747614207308,0.2244,1167.35,buy,0
140,1747614207310,0.2244,24.44,buy,0
141,1747614214946,0.2245,200.44,buy,0
142,1747614228684,0.2243,243.94,sell,0
143,1747614228688,0.2243,160.92,sell,0
144,1747614230806,0.2243,1213.49,buy,0
145,1747614238045,0.2242,7.65,sell,0
146,1747614284772,0.2241,5.64,sell,0
147,1747614287882,0.224,6.91,sell,0
148,1747614287882,0.224,404.86,sell,0
149,1747614287882,0.224,404.86,sell,0
150,1747614287882,0.224,129.91,sell,0
151,1747614323674,0.2239,15.13,sell,0
152,1747614323674,0.2239,8.68,sell,0
153,1747614376680,0.2237,8.57,sell,0
154,1747614383891,0.2237,377.05,buy,0
155,1747614386084,0.2237,49.26,buy,0
156,1747614391402,0.2232,404.86,sell,0
157,1747614391402,0.2233,595.21,sell,0
158,1747614391402,0.2235,500,sell,0
159,1747614391402,0.2235,108.62,sell,0
160,1747614391402,0.2234,6.14,sell,0
161,1747614391402,0.2234,33.24,sell,0
162,1747614391402,0.2234,31.54,sell,0
163,1747614391402,0.2234,500,sell,0
164,1747614391402,0.2236,20.83,sell,0
165,1747614391402,0.2234,1165.46,sell,0
166,1747614391402,0.2234,54.34,sell,0
167,1747614391402,0.2233,404.86,sell,0
168,1747614391402,0.2233,1171.3,sell,0
169,1747614391402,0.2234,77.32,sell,0
170,1747614391402,0.2233,1068.69,sell,0
171,1747614391402,0.2235,7.42,sell,0
172,1747614391402,0.2233,697.82,sell,0
173,1747614391402,0.2233,962.18,sell,0
174,1747614391402,0.2233,243.45,sell,0
175,1747614391402,0.2232,11.24,sell,0
176,1747614391402,0.2235,78.76,sell,0
177,1747614391402,0.2234,404.86,sell,0
178,1747614391402,0.2232,5.25,sell,0
179,1747614391402,0.2235,404.86,sell,0
180,1747614391402,0.2235,5.95,sell,0
181,1747614391402,0.2232,803.19,sell,0
182,1747614391402,0.2232,856.81,sell,0
183,1747614391402,0.2232,909.7,sell,0
184,1747614391444,0.2233,86.45,sell,0
185,1747614391444,0.2233,54.58,sell,0
186,1747614391444,0.2233,54.58,sell,0
187,1747614391445,0.2233,54.58,sell,0
188,1747614391445,0.2233,54.58,sell,0
189,1747614391450,0.2233,54.58,sell,0
190,1747614391450,0.2233,45.51,sell,0
191,1747614391450,0.2233,9.07,sell,0
192,1747614391450,0.2233,76.46,sell,0
193,1747614391450,0.2233,54.58,sell,0
194,1747614391450,0.2233,54.58,sell,0
195,1747614391450,0.2233,54.58,sell,0
196,1747614391450,0.2233,54.58,sell,0
197,1747614391455,0.2233,54.58,sell,0
198,1747614391455,0.2233,54.58,sell,0
199,1747614391455,0.2233,37.01,sell,0
200,1747614391455,0.2233,54.58,sell,0
201,1747614391456,0.2233,54.58,sell,0
202,1747614391456,0.2233,54.58,sell,0
203,1747614391456,0.2233,54.58,sell,0
204,1747614391461,0.2233,54.58,sell,0
205,1747614391461,0.2233,54.58,sell,0
206,1747614391461,0.2233,54.58,sell,0
207,1747614391461,0.2233,66.84,sell,0
208,1747614391461,0.2233,54.58,sell,0
209,1747614391465,0.2233,64.89,sell,0
210,1747614391465,0.2233,35.22,sell,0
211,1747614391465,0.2233,35.22,sell,0
212,1747614391465,0.2233,35.22,sell,0
213,1747614393176,0.2233,404.86,sell,0
214,1747614393176,0.2233,404.86,sell,0
215,1747614398043,0.2233,26.86,buy,0
216,1747614398044,0.2233,26.86,buy,0
217,1747614398045,0.2233,26.86,buy,0
218,1747614398045,0.2233,26.86,buy,0
219,1747614398048,0.2233,44.78,buy,0
220,1747614398096,0.2233,26.86,buy,0
221,1747614398467,0.2232,109.16,sell,0
222,1747614405279,0.2232,1552.45,buy,0
223,1747614405281,0.2232,655.06,buy,0
224,1747614426445,0.2234,918.94,buy,0
225,1747614433084,0.2234,108.46,sell,0
226,1747614483859,0.2237,120.1,sell,0
227,1747614538019,0.2236,120.14,sell,0
228,1747614561724,0.2237,120.12,sell,0
229,1747614583674,0.2233,64.1,buy,0
230,1747614583674,0.2233,404.86,buy,0
231,1747614592187,0.2231,109.16,sell,0
232,1747614593211,0.223,133.33,sell,0
233,1747614593211,0.223,47.4,sell,0
234,1747614598016,0.223,26.9,buy,0
235,1747614598044,0.223,320.78,buy,0
236,1747614599114,0.223,26.9,buy,0
237,1747614609600,0.2231,289.96,buy,0
238,1747614609601,0.2231,930.38,buy,0
239,1747614610114,0.2231,119.66,sell,0
240,1747614621429,0.2233,44.24,sell,0
241,1747614621429,0.2233,35.28,sell,0
242,1747614634721,0.223,119.66,sell,0
243,1747614634721,0.223,33.32,sell,0
244,1747614636324,0.2228,5.76,sell,0
245,1747614640383,0.2227,8.57,sell,0
246,1747614640383,0.2227,4.88,sell,0
247,1747614640383,0.2227,9.7,sell,0
248,1747614649380,0.2222,8.68,sell,0
249,1747614652011,0.2224,150.51,buy,0
250,1747614652011,0.2224,119.62,buy,0
251,1747614654671,0.2225,47.28,buy,0
252,1747614655279,0.2225,47.28,buy,0
253,1747614655398,0.2224,404.86,sell,0
254,1747614655398,0.2223,223.77,sell,0
255,1747614655398,0.2224,404.86,sell,0
256,1747614655475,0.2225,47.28,buy,0
257,1747614655873,0.2225,47.28,buy,0
258,1747614656141,0.2225,25.18,buy,0
259,1747614656141,0.2226,1.78,buy,0
260,1747614656146,0.2226,26.95,buy,0
261,1747614656151,0.2226,26.95,buy,0
262,1747614656152,0.2226,26.95,buy,0
263,1747614656155,0.2226,26.95,buy,0
264,1747614656155,0.2226,44.92,buy,0
265,1747614656157,0.2226,31.44,buy,0
266,1747614656160,0.2226,26.95,buy,0
267,1747614696907,0.2221,46.62,sell,0
268,1747614713815,0.222,5.95,sell,0
269,1747614713815,0.222,78.76,sell,0
270,1747614713815,0.222,6.91,sell,0
271,1747614713815,0.222,136.11,sell,0
272,1747614719078,0.222,1244.51,buy,0
273,1747614724711,0.2222,1245.81,sell,0
274,1747614736066,0.2219,7.95,sell,0
275,1747614736123,0.2218,6.93,sell,0
276,1747614738066,0.2217,6.14,sell,0
277,1747614738066,0.2217,8.57,sell,0
278,1747614738803,0.2215,7.65,sell,0
279,1747614738803,0.2215,119.62,sell,0
280,1747614738884,0.2214,7.42,sell,0
281,1747614738884,0.2214,6.71,sell,0
282,1747614738884,0.2214,6.68,sell,0
283,1747614742079,0.2214,2207.51,buy,0
284,1747614743098,0.2215,27.08,buy,0
285,1747614743104,0.2215,31.6,buy,0
286,1747614743106,0.2215,63.2,buy,0
287,1747614743107,0.2215,27.08,buy,0
288,1747614743110,0.2215,27.08,buy,0
289,1747614743111,0.2215,27.08,buy,0
290,1747614743111,0.2215,27.08,buy,0
291,1747614743112,0.2215,27.08,buy,0
292,1747614743114,0.2215,27.08,buy,0
293,1747614743114,0.2215,27.08,buy,0
294,1747614743206,0.2215,27.08,buy,0
295,1747614743208,0.2215,45.14,buy,0
296,1747614743209,0.2215,5.88,buy,0
297,1747614743209,0.2215,21.2,buy,0
298,1747614743212,0.2215,36.11,buy,0
299,1747614743215,0.2215,27.08,buy,0
300,1747614751776,0.2214,64.34,sell,0
301,1747614751776,0.2214,404.86,sell,0
302,1747614755524,0.2216,118.76,buy,0
303,1747614791815,0.2219,118.46,buy,0
304,1747614835562,0.2224,39.51,buy,0
305,1747614840504,0.2223,25.89,sell,0
306,1747614876883,0.2227,8.56,buy,0
307,1747614878372,0.2227,26.94,buy,0
308,1747614878377,0.2227,44.9,buy,0
309,1747614878380,0.2227,44.9,buy,0
310,1747614908766,0.2228,25.89,sell,0
311,1747614916779,0.223,136.36,buy,0
312,1747614918881,0.223,136.41,sell,0
313,1747614919056,0.223,2071.1,sell,0
314,1747614922615,0.2228,79.7,buy,0
315,1747614929464,0.2228,136.33,buy,0
316,1747614929959,0.2227,83.86,sell,0
317,1747614929959,0.2227,118.4,sell,0
318,1747614929962,0.2227,140.66,sell,0
319,1747614929962,0.2227,62.08,sell,0
320,1747614929962,0.2227,224.52,sell,0
321,1747614929962,0.2227,224.52,sell,0
322,1747614929962,0.2227,224.52,sell,0
323,1747614929962,0.2227,224.52,sell,0
324,1747614929965,0.2227,162.44,sell,0
325,1747614963690,0.2223,25.89,sell,0
326,1747614992611,0.2225,291.38,sell,0
327,1747615041420,0.222,136.32,sell,0
328,1747615054198,0.222,25.99,sell,0
329,1747615054198,0.222,136.29,sell,0
330,1747615068166,0.2218,291.38,sell,0
331,1747615068170,0.2218,67.92,sell,0
332,1747615068170,0.2218,225.43,sell,0
333,1747615068170,0.2218,225.43,sell,0
334,1747615068170,0.2218,225.43,sell,0
335,1747615068170,0.2218,25.99,sell,0
336,1747615099936,0.222,404.86,buy,0
337,1747615099936,0.222,136.34,buy,0
338,1747615099936,0.222,404.86,buy,0
339,1747615109881,0.2222,117.86,sell,0
340,1747615139565,0.2223,49.18,buy,0
341,1747615143364,0.2222,117.98,sell,0
342,1747615158298,0.2223,47.52,buy,0
343,1747615158655,0.2223,59,sell,0
344,1747615164510,0.2224,2996.73,buy,0
345,1747615171726,0.2227,58.87,sell,0
346,1747615201337,0.2228,117.78,sell,0
347,1747615251000,0.2227,117.78,sell,0
348,1747615270044,0.2223,35.44,sell,0
349,1747615270044,0.2223,50.87,sell,0
350,1747615273447,0.2221,41.55,sell,0
351,1747615273447,0.2221,404.86,sell,0
352,1747615273447,0.2221,174.84,sell,0
353,1747615273447,0.2221,35.45,sell,0
354,1747615282228,0.222,116.46,buy,0
355,1747615319423,0.2219,317.85,sell,0
356,1747615354210,0.2217,8.57,sell,0
357,1747615354210,0.2216,116.96,sell,0
358,1747615354983,0.2215,116.96,sell,0
359,1747615355527,0.2214,174.42,sell,0
360,1747615355527,0.2214,1061.68,sell,0
361,1747615419647,0.222,35.49,buy,0
362,1747615514179,0.2217,116.7,buy,0
363,1747615533689,0.2212,29.63,sell,0
364,1747615533689,0.2212,5.64,sell,0
365,1747615536096,0.2211,116.46,buy,0
366,1747615538031,0.2211,404.86,sell,0
367,1747615538031,0.2211,31.14,sell,0
368,1747615538157,0.2211,49.84,buy,0
369,1747615539649,0.221,14.57,sell,0
370,1747615539649,0.221,138.17,sell,0
371,1747615541517,0.2209,90.53,buy,0
372,1747615541529,0.221,36.19,buy,0
373,1747615541539,0.221,27.14,buy,0
374,1747615541542,0.221,27.14,buy,0
375,1747615541548,0.221,45.24,buy,0
376,1747615541549,0.221,27.14,buy,0
377,1747615541551,0.221,54.29,buy,0
378,1747615541557,0.221,27.14,buy,0
379,1747615541563,0.221,45.24,buy,0
380,1747615541564,0.221,27.14,buy,0
381,1747615541618,0.221,27.14,buy,0
382,1747615541623,0.221,54.29,buy,0
383,1747615541631,0.221,20.37,buy,0
384,1747615541631,0.221,6.77,buy,0
385,1747615541642,0.221,27.14,buy,0
386,1747615541657,0.221,27.14,buy,0
387,1747615543409,0.221,116.46,buy,0
388,1747615555244,0.2211,116.42,buy,0
389,1747615560218,0.2212,116.42,buy,0
390,1747615560271,0.2213,156.3,buy,0
391,1747615563803,0.2213,144.13,buy,0
392,1747615571185,0.2213,48.6,buy,0
393,1747615575372,0.2208,33.24,sell,0
394,1747615575372,0.2208,24.64,sell,0
395,1747615590259,0.2207,47.4,sell,0
396,1747615590259,0.2207,8.57,sell,0
397,1747615593966,0.2208,116.28,buy,0
398,1747615602523,0.221,277.8,buy,0
399,1747615602638,0.221,116.28,buy,0
400,1747615657816,0.2217,8.56,buy,0
401,1747615661569,0.2218,27.05,buy,0
402,1747615661658,0.2218,36.06,buy,0
403,1747615661678,0.2218,27.05,buy,0
404,1747615661678,0.2218,45.08,buy,0
405,1747615661687,0.2218,27.05,buy,0
406,1747615661689,0.2218,67.62,buy,0
407,1747615661733,0.2218,27.05,buy,0
408,1747615661751,0.2218,27.05,buy,0
409,1747615686354,0.2218,115.84,sell,0
410,1747615689356,0.2217,115.82,sell,0
411,1747615744935,0.2216,115.84,buy,0
412,1747615812002,0.222,138.49,buy,0
413,1747615814727,0.2221,45.02,buy,0
414,1747615816285,0.222,138.52,sell,0
415,1747615825283,0.2221,115.82,buy,0
416,1747615833032,0.2223,115.1,buy,0
417,1747615834487,0.2223,1189.55,sell,0
418,1747615834534,0.2222,115.1,sell,0
419,1747615929362,0.222,138.44,sell,0
420,1747615938631,0.222,114.68,buy,0
421,1747615940366,0.2221,114.68,buy,0
422,1747615971682,0.2221,68.16,sell,0
423,1747615986116,0.2221,114.26,buy,0
424,1747615986133,0.2222,1220.31,buy,0
425,1747615996064,0.2223,294.79,sell,0
426,1747615996068,0.2223,905.58,sell,0
427,1747616022441,0.2221,60.61,sell,0
428,1747616096844,0.2219,42.48,sell,0
429,1747616230254,0.2212,156.4,sell,0
430,1747616237384,0.2212,312.8,sell,0
431,1747616253037,0.2215,85.1,sell,0
432,1747616413432,0.2214,25.99,sell,0
433,1747616493244,0.2219,106.56,sell,0
434,1747616504431,0.2214,53.3,buy,0
435,1747616532818,0.2219,1193.36,buy,0
436,1747616554508,0.222,404.86,sell,0
437,1747616554508,0.222,404.86,sell,0
438,1747616568529,0.2219,106.54,sell,0
439,1747616576324,0.222,105.54,sell,0
440,1747616617433,0.2221,105.56,sell,0
441,1747616620424,0.222,105.56,sell,0
442,1747616631679,0.2219,25.99,sell,0
443,1747616641544,0.2218,46.33,sell,0
444,1747616641544,0.2218,46.33,sell,0
445,1747616641544,0.2218,181.87,sell,0
446,1747616641545,0.2218,43.56,sell,0
447,1747616641545,0.2218,225.43,sell,0
448,1747616641545,0.2218,225.43,sell,0
449,1747616642906,0.2218,105.34,buy,0
450,1747616643454,0.2219,105.5,buy,0
451,1747616654572,0.2217,25.99,sell,0
452,1747616658237,0.2216,25.99,sell,0
453,1747616659406,0.2215,26.01,sell,0
454,1747616669150,0.2213,53.68,sell,0
455,1747616674028,0.2214,36.28,sell,0
456,1747616674028,0.2214,109.64,sell,0
457,1747616674028,0.2214,35.58,sell,0
458,1747616710489,0.2214,25.99,sell,0
459,1747616720121,0.2212,78.73,sell,0
460,1747616811428,0.2212,104.74,sell,0
461,1747616811455,0.2211,104.74,sell,0
462,1747616811455,0.2211,911.7,sell,0
463,1747616811455,0.2211,286.95,sell,0
464,1747616811575,0.221,138.51,sell,0
465,1747616811575,0.221,802.41,sell,0
466,1747616811587,0.221,355.93,sell,0
467,1747616811596,0.221,40.29,sell,0
468,1747616811596,0.221,902.32,sell,0
469,1747616811596,0.221,383.65,sell,0
470,1747616811596,0.221,226.24,sell,0
471,1747616812776,0.2209,2207.51,buy,0
472,1747616823904,0.2208,103.6,buy,0
473,1747616841416,0.2208,404.86,buy,0
474,1747616841416,0.2208,404.86,buy,0
475,1747616850088,0.221,103.58,buy,0
476,1747616875578,0.2211,35.61,sell,0
477,1747616875586,0.2211,35.61,sell,0
478,1747616892980,0.2214,225.95,sell,0
479,1747616937044,0.2215,103.98,sell,0
480,1747616962132,0.221,103.82,sell,0
481,1747616980108,0.2207,8.57,sell,0
482,1747616984837,0.2208,103.82,buy,0
483,1747616989966,0.2209,103.82,buy,0
484,1747617017253,0.221,103.82,buy,0
485,1747617034919,0.2205,8.68,sell,0
486,1747617034919,0.2205,5.95,sell,0
487,1747617034919,0.2205,78.76,sell,0
488,1747617118402,0.2204,68.77,sell,0
489,1747617157766,0.2206,103.36,buy,0
490,1747617167560,0.2208,242.9,buy,0
491,1747617167597,0.2208,994.34,buy,0
492,1747617172442,0.2209,203.1,buy,0
493,1747617174491,0.2209,95.2,buy,0
494,1747617176461,0.2209,247.19,buy,0
495,1747617176461,0.2209,550.47,buy,0
496,1747617179064,0.221,404.86,buy,0
497,1747617179064,0.2211,113.34,buy,0
498,1747617180133,0.2212,121.4,buy,0
499,1747617183059,0.2212,27.12,buy,0
500,1747617183258,0.2211,27.13,buy,0
501,1747617183264,0.2211,113.07,buy,0
502,1747617183264,0.2211,45.22,buy,0
503,1747617214660,0.2213,101.88,sell,0
504,1747617234185,0.221,101.86,sell,0
505,1747617240460,0.2208,258.87,sell,0
506,1747617240460,0.2208,363.23,sell,0
507,1747617240460,0.2208,363.23,sell,0
508,1747617240460,0.2208,363.23,sell,0
509,1747617241484,0.2208,26.09,sell,0
510,1747617246972,0.2209,101.52,buy,0
511,1747617342195,0.2203,12.1,sell,0
512,1747617342195,0.2203,14.31,sell,0
513,1747617361682,0.2205,101.24,buy,0
514,1747617387677,0.2201,11.24,sell,0
515,1747617388020,0.2201,27.25,buy,0
516,1747617389361,0.22,140.34,sell,0
517,1747617389361,0.22,6.91,sell,0
518,1747617389361,0.22,6.14,sell,0
519,1747617389361,0.22,15.13,sell,0
520,1747617389361,0.22,24.23,sell,0
521,1747617390301,0.22,47.81,buy,0
522,1747617391174,0.2201,47.79,buy,0
523,1747617441943,0.22,101.1,sell,0
524,1747617444401,0.2199,20.83,sell,0
525,1747617446557,0.2198,349.69,sell,0
526,1747617450951,0.2197,8.57,sell,0
527,1747617450951,0.2197,101.34,sell,0
528,1747617451134,0.2196,6,sell,0
529,1747617451134,0.2195,2207.51,sell,0
530,1747617451134,0.2195,1211.66,sell,0
531,1747617453847,0.2193,5.25,sell,0
532,1747617453847,0.2193,27.1,sell,0
533,1747617453847,0.2193,7.42,sell,0
534,1747617453847,0.2193,404.86,sell,0
535,1747617459321,0.2193,27.35,buy,0
536,1747617459324,0.2193,27.35,buy,0
537,1747617459325,0.2193,113.99,buy,0
538,1747617459330,0.2193,2038.82,buy,0
539,1747617459416,0.2194,31.9,buy,0
540,1747617459418,0.2194,27.34,buy,0
541,1747617459419,0.2194,27.34,buy,0
542,1747617471423,0.2196,1360.23,buy,0
543,1747617471423,0.2196,90.88,buy,0
544,1747617471423,0.2196,1111.1,buy,0
545,1747617484836,0.2196,404.86,sell,0
546,1747617484836,0.2196,404.86,sell,0
547,1747617495957,0.2197,100.58,buy,0
548,1747617495957,0.2197,314.77,buy,0
549,1747617495957,0.2197,880.94,buy,0
550,1747617575816,0.2199,100.02,sell,0
551,1747617584940,0.2197,99.98,sell,0
552,1747617602395,0.2197,2186.39,sell,1
553,1747617602395,0.2198,99.88,sell,0
554,1747617602395,0.2197,99.92,sell,0
555,1747617602395,0.2197,404.86,sell,0
556,1747617602395,0.2197,404.86,sell,0
557,1747617629008,0.2197,2207.51,buy,0
558,1747617639432,0.2196,99.88,sell,0
559,1747617648339,0.2194,100,sell,0
560,1747617698346,0.2199,219.44,sell,0
561,1747617698348,0.2199,1252.26,sell,0
562,1747617698350,0.2199,735.81,sell,0
563,1747617701456,0.2198,50.58,sell,0
564,1747617720537,0.2194,404.86,sell,0
565,1747617729685,0.2196,99.72,buy,0
566,1747617735925,0.2196,100.26,buy,0
567,1747617738681,0.2197,99.66,buy,0
568,1747617740499,0.2198,99.66,buy,0
569,1747617765300,0.2196,100.08,buy,0
570,1747617766082,0.2197,100.06,buy,0
571,1747617781587,0.2197,100.08,buy,0
572,1747617789532,0.2196,100.04,buy,0
573,1747617831242,0.2199,100.04,sell,0
574,1747617832390,0.2199,56.93,buy,0
575,1747617859096,0.2201,99.62,buy,0
576,1747617914251,0.2204,48.64,buy,0
577,1747617914251,0.2204,404.86,buy,0
578,1747617918596,0.2204,45.37,buy,0
579,1747617938980,0.2204,94.52,sell,0
580,1747617964634,0.2203,94.52,sell,0
581,1747617989238,0.22,266.97,sell,0
582,1747618071527,0.2202,366.64,sell,0
583,1747618071527,0.2202,26.19,sell,0
584,1747618071527,0.2202,227.07,sell,0
585,1747618071527,0.2202,366.64,sell,0
586,1747618071527,0.2202,366.64,sell,0
587,1747618071527,0.2202,366.64,sell,0
588,1747618071527,0.2202,26.19,sell,0
589,1747618071527,0.2202,366.64,sell,0
590,1747618098456,0.2201,94.2,buy,0
591,1747618106151,0.2203,227.01,sell,0
592,1747618123062,0.2203,1220.56,buy,0
593,1747618154711,0.2201,93.98,buy,0
594,1747618220127,0.2204,1077,buy,0
595,1747618220127,0.2204,51.34,buy,0
596,1747618220127,0.2204,35.74,buy,0
597,1747618220127,0.2204,35.74,buy,0
598,1747618220127,0.2204,35.74,buy,0
599,1747618236572,0.2203,93.92,sell,0
600,1747618243860,0.2202,93.92,sell,0
601,1747618290176,0.2201,93.24,sell,0
602,1747618318982,0.2201,756.58,buy,0
603,1747618318987,0.2201,434.69,buy,0
604,1747618322799,0.2202,399.97,sell,0
605,1747618322803,0.2202,525.96,sell,0
606,1747618322803,0.2202,294.59,sell,0
607,1747618356460,0.2203,93.34,buy,0
608,1747618374210,0.2205,93.34,buy,0
609,1747618441137,0.2207,8.56,buy,0
610,1747618476708,0.221,140.41,buy,0
611,1747618480251,0.221,140.41,sell,0
612,1747618491773,0.221,140.4,sell,0
613,1747618535847,0.2208,93.44,buy,0
614,1747618547294,0.2208,42.21,sell,0
615,1747618547294,0.2208,35.68,sell,0
616,1747618553613,0.2207,404.86,sell,0
617,1747618577972,0.221,93.44,buy,0
618,1747618620620,0.2205,26.09,sell,0
619,1747618620620,0.2205,46.67,sell,0
620,1747618621641,0.2203,93.34,sell,0
621,1747618633428,0.2202,404.86,sell,0
622,1747618633434,0.2201,404.86,sell,0
623,1747618633434,0.2201,343.7,sell,0
624,1747618637461,0.2201,407.25,buy,0
625,1747618637462,0.2201,1800.26,buy,0
626,1747618651543,0.22,140.93,sell,0
627,1747618677100,0.22,92.58,buy,0
628,1747618694379,0.2199,92.68,buy,0
629,1747618746336,0.2197,92.64,sell,0
630,1747618746336,0.2197,8.57,sell,0
631,1747618771333,0.2195,92.64,buy,0
632,1747618776284,0.2196,1195.05,buy,0
633,1747618887548,0.2194,121.4,buy,0
634,1747619020623,0.2194,92.1,sell,0
635,1747619102009,0.2193,91.98,sell,0
636,1747619104382,0.2192,92.08,sell,0
637,1747619116330,0.2193,1199.02,buy,0
638,1747619290056,0.2196,1366.12,sell,0
639,1747619302325,0.2197,404.86,buy,0
640,1747619344967,0.2196,49.18,buy,0
641,1747619344967,0.2196,35.87,buy,0
642,1747619344967,0.2196,35.87,buy,0
643,1747619351918,0.2196,91.68,buy,0
644,1747619354485,0.2197,91.68,buy,0
645,1747619357958,0.2198,1210.61,buy,0
646,1747619357958,0.2198,91.84,buy,0
647,1747619357958,0.2198,2.29,buy,0
648,1747619357959,0.2198,1212.3,buy,0
649,1747619357983,0.2198,91.48,sell,0
650,1747619499949,0.2197,91.76,sell,0
651,1747619559781,0.2196,91.76,buy,0
652,1747619603045,0.2195,38.44,sell,0
653,1747619611514,0.2195,91.76,buy,0
654,1747619620195,0.2196,404.86,sell,0
655,1747619669295,0.2195,1257.25,buy,0
656,1747619669295,0.2195,1234.5,buy,0
657,1747619681071,0.2198,45.88,buy,0
658,1747619688096,0.2199,45.48,buy,0
659,1747619688136,0.22,404.86,sell,0
660,1747619688136,0.22,404.86,sell,0
661,1747619692186,0.22,27.27,buy,0
662,1747619692293,0.22,45.45,buy,0
663,1747619692300,0.22,27.27,buy,0
664,1747619692301,0.22,45.45,buy,0
665,1747619692301,0.22,27.27,buy,0
666,1747619692303,0.22,27.27,buy,0
667,1747619692303,0.22,45.45,buy,0
668,1747619712832,0.2198,91.62,sell,0
669,1747619714289,0.2197,91.68,sell,0
670,1747619831724,0.2196,91.2,buy,0
671,1747619910200,0.2195,91.2,buy,0
672,1747619969500,0.2193,2246.5,sell,0
673,1747619969500,0.2193,92.02,sell,0
674,1747619969500,0.2193,2568.48,sell,0
675,1747619969505,0.2193,443.41,sell,0
676,1747619969505,0.2193,1051.51,sell,0
677,1747619969845,0.2193,2714.6,sell,0
678,1747619969853,0.2193,1212.29,sell,0
679,1747619969855,0.2193,3972.12,sell,0
680,1747619997705,0.2193,2339.47,sell,0
681,1747619997872,0.2193,2339.47,sell,0
682,1747619998056,0.2193,2339.47,sell,0
683,1747619998744,0.2193,1552.5,sell,0
684,1747619998749,0.2193,1552.5,sell,0
685,1747619998773,0.2193,1552.5,sell,0
686,1747619998851,0.2193,3398.81,sell,0
687,1747619998856,0.2193,788.76,sell,0
688,1747619998984,0.2193,3461.49,sell,0
689,1747619998985,0.2193,3180.12,sell,0
690,1747620014185,0.2192,1242.24,buy,0
691,1747620080820,0.2191,4.88,sell,0
692,1747620083190,0.2192,1368.3,buy,0
693,1747620149169,0.2191,1196.8,buy,0
694,1747620180828,0.2192,1231.65,buy,0
695,1747620193386,0.2193,1242.35,buy,0
696,1747620201207,0.2192,404.86,sell,0
697,1747620210201,0.2193,404.86,buy,0
698,1747620210201,0.2193,404.86,buy,0
699,1747620216779,0.2192,1194.86,buy,0
700,1747620248611,0.219,5.95,sell,0
701,1747620248611,0.219,142.8,sell,0
702,1747620248611,0.219,78.76,sell,0
703,1747620248611,0.219,7.95,sell,0
704,1747620254022,0.2191,91.72,buy,0
705,1747620282314,0.2191,539.89,buy,0
706,1747620282315,0.2191,685.59,buy,0
707,1747620282426,0.2192,404.86,sell,0
708,1747620282580,0.2192,404.86,buy,0
709,1747620282580,0.2192,404.86,buy,0
710,1747620282680,0.2192,404.86,sell,0
711,1747620294936,0.2194,404.86,sell,0
712,1747620428852,0.2195,404.86,buy,0
713,1747620428852,0.2195,50.44,buy,0
714,1747620454390,0.2191,651.03,buy,0
715,1747620458894,0.2191,92.02,sell,0
716,1747620485202,0.2189,9.7,sell,0
717,1747620551447,0.2188,7.65,sell,0
718,1747620551447,0.2188,8.68,sell,0
719,1747620556855,0.2187,8.57,sell,0
720,1747620556855,0.2187,5.76,sell,0
721,1747620572903,0.2186,91.1,sell,0
722,1747620575785,0.2185,7.95,sell,0
723,1747620579210,0.2184,47.4,sell,0
724,1747620587101,0.2183,6.14,sell,0
725,1747620587101,0.2183,5.64,sell,0
726,1747620590580,0.2183,91.12,buy,0
727,1747620592805,0.2184,50.45,buy,0
728,1747620594141,0.2184,40.63,buy,0
729,1747620594270,0.2185,85.81,buy,0
730,1747620654800,0.2184,1196.86,buy,0
731,1747620654816,0.2184,91.14,sell,0
732,1747620654816,0.2184,404.86,sell,0
733,1747620660598,0.2182,33.24,sell,0
734,1747620663442,0.218,6.91,sell,0
735,1747620663442,0.218,142.47,sell,0
736,1747620663442,0.218,6.71,sell,0
737,1747620664803,0.2178,37.53,sell,0
738,1747620664803,0.2178,46.62,sell,0
739,1747620664879,0.2177,310.48,sell,0
740,1747620664879,0.2177,8.57,sell,0
741,1747620666826,0.2176,6.93,sell,0
742,1747620667869,0.2176,404.86,sell,0
743,1747620669526,0.2175,5.95,sell,0
744,1747620669526,0.2175,78.76,sell,0
745,1747620670102,0.2175,36.2,sell,0
746,1747620670102,0.2175,36.2,sell,0
747,1747620670102,0.2175,39.07,sell,0
748,1747620670102,0.2175,36.2,sell,0
749,1747620676573,0.2177,27.56,buy,0
750,1747620676582,0.2177,27.56,buy,0
751,1747620676592,0.2177,27.56,buy,0
752,1747620676594,0.2177,27.56,buy,0
753,1747620676596,0.2177,27.56,buy,0
754,1747620676600,0.2177,68.9,buy,0
755,1747620676603,0.2177,27.56,buy,0
756,1747620676605,0.2177,27.56,buy,0
757,1747620676607,0.2177,27.56,buy,0
758,1747620676643,0.2177,27.56,buy,0
759,1747620676650,0.2177,27.56,buy,0
760,1747620676651,0.2177,36.74,buy,0
761,1747620676652,0.2177,23.62,buy,0
762,1747620676652,0.2177,3.94,buy,0
763,1747620676653,0.2177,32.15,buy,0
764,1747620676654,0.2177,45.93,buy,0
765,1747620676659,0.2177,27.56,buy,0
766,1747620676662,0.2177,27.56,buy,0
767,1747620676667,0.2177,36.74,buy,0
768,1747620676668,0.2177,27.56,buy,0
769,1747620676669,0.2177,27.56,buy,0
770,1747620676674,0.2177,27.56,buy,0
771,1747620676687,0.2177,45.93,buy,0
772,1747620676688,0.2177,81.36,buy,0
773,1747620676688,0.2177,102.37,buy,0
774,1747620676694,0.2177,27.56,buy,0
775,1747620676695,0.2177,27.56,buy,0
776,1747620676697,0.2177,27.56,buy,0
777,1747620676698,0.2177,27.56,buy,0
778,1747620676698,0.2177,27.56,buy,0
779,1747620676701,0.2177,27.56,buy,0
780,1747620676705,0.2177,27.56,buy,0
781,1747620676707,0.2177,27.56,buy,0
782,1747620676721,0.2177,27.56,buy,0
783,1747620676725,0.2177,27.56,buy,0
784,1747620676727,0.2177,27.56,buy,0
785,1747620676727,0.2177,27.56,buy,0
786,1747620676728,0.2177,45.93,buy,0
787,1747620676732,0.2177,27.56,buy,0
788,1747620676733,0.2177,27.56,buy,0
789,1747620676738,0.2177,27.56,buy,0
790,1747620676753,0.2177,45.93,buy,0
791,1747620676754,0.2177,27.56,buy,0
792,1747620676754,0.2177,27.56,buy,0
793,1747620676758,0.2177,27.56,buy,0
794,1747620676761,0.2177,59.71,buy,0
795,1747620676885,0.2177,68.9,buy,0
796,1747620676886,0.2177,27.56,buy,0
797,1747620676888,0.2177,27.56,buy,0
798,1747620676892,0.2177,27.56,buy,0
799,1747620676896,0.2177,27.56,buy,0
800,1747620678951,0.2177,48.32,buy,0
801,1747620679324,0.2177,48.32,buy,0
802,1747620684670,0.2174,85.42,sell,0
803,1747620684670,0.2174,5.6,sell,0
804,1747620684754,0.2174,91.86,buy,0
805,1747620690631,0.2174,1204.74,buy,0
806,1747620691660,0.2175,91.95,buy,0
807,1747620701141,0.2174,388.84,buy,0
808,1747620701145,0.2174,815.37,buy,0
809,1747620744368,0.2173,85.84,sell,0
810,1747620747231,0.2172,6.68,sell,0
811,1747620747231,0.2172,7.42,sell,0
812,1747620751063,0.2171,85.68,sell,0
813,1747620751063,0.2171,8.68,sell,0
814,1747620752975,0.2172,738.82,buy,0
815,1747620753039,0.2173,27.6,buy,0
816,1747620755084,0.2172,48.43,buy,0
817,1747620810000,0.2173,1206.34,buy,0
818,1747620861043,0.217,141.58,sell,0
819,1747620861043,0.217,11.24,sell,0
820,1747620874917,0.2169,85.82,sell,0
821,1747620874977,0.2168,2207.51,sell,0
822,1747620875308,0.2167,8.57,sell,0
823,1747620878806,0.2167,252.81,buy,0
824,1747620878811,0.2167,1954.7,buy,0
825,1747620883733,0.2167,86,buy,0
826,1747620883733,0.2167,6.29,buy,0
827,1747620883735,0.2167,138.44,buy,0
828,1747620883735,0.2167,32.3,buy,0
829,1747620884130,0.2166,7.01,sell,0
830,1747620884130,0.2166,6.14,sell,0
831,1747620889638,0.2167,27.68,buy,0
832,1747620889650,0.2167,46.14,buy,0
833,1747620889653,0.2167,27.68,buy,0
834,1747620889658,0.2167,27.68,buy,0
835,1747620889659,0.2167,27.68,buy,0
836,1747620889744,0.2167,27.68,buy,0
837,1747620892174,0.2167,86.52,buy,0
838,1747620969384,0.2169,706.66,buy,0
839,1747620969385,0.2169,11.64,buy,0
840,1747620969385,0.2169,494.87,buy,0
841,1747620982482,0.2172,1214.41,sell,0
842,1747621007397,0.217,32.89,buy,0
843,1747621022326,0.2169,1209.59,buy,0
844,1747621067598,0.217,460.8,sell,0
845,1747621067609,0.2169,86.54,sell,0
846,1747621067609,0.2169,1783.56,sell,0
847,1747621067613,0.2169,423.95,sell,0
848,1747621067628,0.2168,86.56,sell,0
849,1747621067628,0.2168,2207.51,sell,0
850,1747621073504,0.2167,2207.51,buy,0
851,1747621093432,0.2166,1194.84,buy,0
852,1747621095161,0.2167,474.06,buy,0
853,1747621095165,0.2167,705.92,buy,0
854,1747621098252,0.2168,1197.59,buy,0
855,1747621105989,0.217,1193.32,buy,0
856,1747621231774,0.217,87.82,sell,0
857,1747621231831,0.2169,1264.7,sell,0
858,1747621231831,0.2169,87.84,sell,0
859,1747621231847,0.2169,1197.58,sell,0
860,1747621231852,0.2169,20.93,sell,0
861,1747621241276,0.2168,1203.8,buy,0
862,1747621264971,0.2171,1191.17,buy,0
863,1747621275482,0.2172,143.44,sell,0
864,1747621275482,0.2172,404.86,sell,0
865,1747621275483,0.2172,292.38,sell,0
866,1747621275483,0.2172,261.42,sell,0
867,1747621348441,0.2177,8.56,buy,0
868,1747621351865,0.2177,27.56,buy,0
869,1747621351875,0.2177,20.02,buy,0
870,1747621351875,0.2177,7.54,buy,0
871,1747621351932,0.2177,27.56,buy,0
872,1747621351937,0.2177,27.56,buy,0
873,1747621351948,0.2177,45.93,buy,0
874,1747621351949,0.2177,45.93,buy,0
875,1747621351954,0.2177,27.56,buy,0
876,1747621355275,0.2176,88.68,sell,0
877,1747621365199,0.2175,404.86,sell,0
878,1747621365199,0.2176,404.86,sell,0
879,1747621365199,0.2176,404.86,sell,0
880,1747621365199,0.2175,88.68,sell,0
881,1747621365199,0.2175,404.86,sell,0
882,1747621365199,0.2175,893.02,sell,0
883,1747621421740,0.2178,1440.2,sell,0
884,1747621421741,0.2178,767.31,sell,0
885,1747621451668,0.2177,88.94,sell,0
886,1747621619455,0.2178,404.86,sell,0
887,1747621630425,0.2181,431.19,buy,0
888,1747621630425,0.218,140.26,buy,0
889,1747621630425,0.218,404.86,buy,0
890,1747621630425,0.218,89.48,buy,0
891,1747621630425,0.218,992.3,buy,0
892,1747621630425,0.218,257.07,buy,0
893,1747621630425,0.218,404.86,buy,0
894,1747621630425,0.2181,404.86,buy,0
895,1747621630425,0.2181,88.92,buy,0
896,1747621630425,0.2181,690,buy,0
897,1747621630425,0.2182,404.86,buy,0
898,1747621630425,0.2183,404.86,buy,0
899,1747621630425,0.2183,6.13,buy,0
900,1747621630425,0.2183,88.68,buy,0
901,1747621630425,0.2183,42.97,buy,0
902,1747621630425,0.2183,1620.5,buy,0
903,1747621630425,0.2183,1336.53,buy,0
904,1747621630425,0.2183,322.17,buy,0
905,1747621630446,0.2181,2207.51,sell,0
906,1747621630446,0.2181,89.46,sell,0
907,1747621630459,0.2182,36.15,buy,0
908,1747621630459,0.2182,36.15,buy,0
909,1747621630459,0.2182,36.15,buy,0
910,1747621630459,0.2182,51.41,buy,0
911,1747621630465,0.2182,36.15,buy,0
912,1747621630465,0.2182,36.15,buy,0
913,1747621630465,0.2182,68.17,buy,0
914,1747621630465,0.2182,36.15,buy,0
915,1747621630481,0.2182,32.23,buy,0
916,1747621630481,0.2182,36.15,buy,0
917,1747621630481,0.2182,3.92,buy,0
918,1747621630481,0.2182,36.15,buy,0
919,1747621630481,0.2182,50.58,buy,0
920,1747621630490,0.2182,36.15,buy,0
921,1747621630490,0.2182,36.15,buy,0
922,1747621630490,0.2182,71.7,buy,0
923,1747621630491,0.2182,404.86,buy,0
924,1747621630491,0.2182,170.21,buy,0
925,1747621630500,0.2183,113.04,buy,0
926,1747621630500,0.2183,573.56,buy,0
927,1747621630714,0.2182,89.46,sell,0
928,1747621643317,0.2181,89.46,sell,0
929,1747621643317,0.2181,485.52,sell,0
930,1747621643357,0.2181,867.65,sell,0
931,1747621643378,0.2179,29.28,sell,0
932,1747621643378,0.218,404.86,sell,0
933,1747621643378,0.2181,364.4,sell,0
934,1747621807309,0.2179,60.18,sell,0
935,1747621856629,0.2181,91.14,buy,0
936,1747621864314,0.2182,91.04,buy,0
937,1747621982600,0.2184,36.05,buy,0
938,1747622066196,0.2187,8.56,buy,0
939,1747622069050,0.2188,8.67,buy,0
940,1747622084309,0.2189,404.86,buy,0
941,1747622084309,0.2189,404.86,buy,0
942,1747622085731,0.219,404.8,buy,0
943,1747622085731,0.219,0.06,buy,0
944,1747622085731,0.219,5.94,buy,0
945,1747622085731,0.219,78.7,buy,0
946,1747622085731,0.219,177.97,buy,0
947,1747622085731,0.219,142.13,buy,0
948,1747622103216,0.219,433.5,buy,0
949,1747622175606,0.2189,45.61,buy,0
950,1747622175606,0.2189,45.61,buy,0
951,1747622195713,0.2189,2207.51,sell,0
952,1747622232656,0.2188,91.32,buy,0
953,1747622340051,0.2191,117.41,buy,0
954,1747622340051,0.2191,404.86,buy,0
955,1747622345255,0.2191,27.38,buy,0
956,1747622442178,0.2184,404.86,sell,0
957,1747622444725,0.2183,86.45,sell,0
958,1747622458236,0.2184,404.86,buy,0
959,1747622458236,0.2184,203.91,buy,0
960,1747622458236,0.2184,200.95,buy,0
961,1747622475734,0.2184,404.74,sell,0
962,1747622525274,0.2183,404.86,sell,0
963,1747622531733,0.2185,91.34,buy,0
964,1747622531733,0.2185,151.56,buy,0
965,1747622587791,0.2185,91.1,buy,0
966,1747622589021,0.2186,91.34,buy,0
967,1747622678893,0.2183,404.86,sell,0
968,1747622678893,0.2183,404.86,sell,0
969,1747622682080,0.2182,36.09,buy,0
970,1747622788321,0.2183,30.46,buy,0
971,1747622788321,0.2183,90.94,buy,0
972,1747622794487,0.2182,70.39,sell,0
973,1747622806030,0.218,143.77,sell,0
974,1747622848100,0.2177,8.57,sell,0
975,1747622858996,0.2176,404.86,sell,0
976,1747622860052,0.2175,358.99,sell,0
977,1747622860052,0.2175,5.95,sell,0
978,1747622860052,0.2175,78.76,sell,0
979,1747622860057,0.2175,45.87,sell,0
980,1747622860057,0.2175,404.86,sell,0
981,1747622878063,0.2176,242.9,buy,0
982,1747622938931,0.2178,242.9,buy,0
983,1747622945813,0.2177,36.17,buy,0
984,1747622945813,0.2177,36.23,buy,0
985,1747622965122,0.2179,91.78,buy,0
986,1747623025274,0.2178,90.68,sell,0
987,1747623146759,0.2172,57.34,buy,0
988,1747623146759,0.2172,36.25,buy,0
989,1747623152645,0.2174,149.5,buy,0
990,1747623166456,0.2174,404.86,sell,0
991,1747623166456,0.2174,404.86,sell,0
992,1747623166736,0.2174,404.86,sell,0
993,1747623201735,0.2173,5,buy,0
994,1747623215936,0.2171,404.86,sell,0
995,1747623215936,0.2171,8.68,sell,0
996,1747623240334,0.2171,404.86,buy,0
997,1747623249444,0.217,142.92,sell,0
998,1747623312318,0.2171,242.9,buy,0
999,1747623312327,0.2171,1214.58,buy,0
1000,1747623312346,0.2171,404.86,sell,0
1001,1747623313950,0.2171,1114.92,buy,0
1002,1747623313952,0.2171,97.65,buy,0
1003,1747623322292,0.2172,45.16,buy,0
1004,1747623322292,0.2172,1224.15,buy,0
1005,1747623322318,0.2173,242.9,buy,0
1006,1747623388621,0.2169,404.86,sell,0
1007,1747623388621,0.2169,90.44,sell,0
1008,1747623388621,0.2169,404.86,sell,0
1009,1747623388621,0.2169,296.74,sell,0
1010,1747623388621,0.2169,355.28,sell,0
1011,1747623400020,0.2168,90.76,buy,0
1012,1747623458960,0.217,121.4,buy,0
1013,1747623462051,0.217,86.4,buy,0
1014,1747623470458,0.217,1196.75,buy,0
1015,1747623477530,0.2172,359,buy,0
1016,1747623488045,0.2171,113.05,sell,0
1017,1747623488045,0.2171,404.86,sell,0
1018,1747623521418,0.2172,121.4,buy,0
1019,1747623584942,0.2173,161.96,buy,0
1020,1747623584942,0.2173,80.94,buy,0
1021,1747623617920,0.2171,2207.51,buy,0
1022,1747623656463,0.2171,121.4,buy,0
1023,1747623674811,0.217,121.4,buy,0
1024,1747623701199,0.2169,319.6,buy,0
1025,1747623726783,0.2171,283.46,buy,0
1026,1747623726783,0.2171,28.64,buy,0
1027,1747623750399,0.2173,81.82,buy,0
1028,1747623750399,0.2174,30.08,buy,0
1029,1747623750399,0.2173,9.5,buy,0
1030,1747623822182,0.2171,26.49,sell,0
1031,1747623822182,0.2171,26.49,sell,0
1032,1747623829487,0.2172,121.4,buy,0
1033,1747623844608,0.2175,121.4,buy,0
1034,1747623848819,0.2174,68.99,buy,0
1035,1747623869215,0.2174,752.62,buy,0
1036,1747623869220,0.2174,452.18,buy,0
1037,1747623873634,0.2176,404.86,buy,0
1038,1747623873634,0.2176,318.88,buy,0
1039,1747623873634,0.2176,90.68,buy,0
1040,1747623873634,0.2175,90.68,buy,0
1041,1747623875822,0.2176,27.57,buy,0
1042,1747623932952,0.2173,404.86,sell,0
1043,1747623944184,0.217,26.59,sell,0
1044,1747623944184,0.217,230.41,sell,0
1045,1747623944184,0.217,26.59,sell,0
1046,1747623944184,0.217,26.59,sell,0
1047,1747623944184,0.217,356.36,sell,0
1048,1747623944184,0.217,356.36,sell,0
1049,1747623944184,0.217,26.59,sell,0
1050,1747623944184,0.217,26.59,sell,0
1051,1747623944184,0.217,230.41,sell,0
1052,1747623944184,0.217,26.59,sell,0
1053,1747623944184,0.217,230.41,sell,0
1054,1747623944184,0.217,356.36,sell,0
1055,1747623944184,0.217,356.36,sell,0
1056,1747623944184,0.217,26.59,sell,0
1057,1747623962868,0.2167,8.57,sell,0
1058,1747623963654,0.2166,6.14,sell,0
1059,1747623963654,0.2165,500,sell,0
1060,1747623964014,0.2164,24.64,sell,0
1061,1747623971382,0.2163,1249.62,buy,0
1062,1747623976982,0.2164,90.04,buy,0
1063,1747623976982,0.2164,613.06,buy,0
1064,1747623976984,0.2164,586.23,buy,0
1065,1747623976997,0.2165,90.16,buy,0
1066,1747623976997,0.2165,404.86,buy,0
1067,1747623976997,0.2165,410.08,buy,0
1068,1747623977756,0.2165,46.18,buy,0
1069,1747623977860,0.2165,27.71,buy,0
1070,1747623977863,0.2165,69.28,buy,0
1071,1747623977866,0.2165,27.71,buy,0
1072,1747623977869,0.2165,27.71,buy,0
1073,1747623977870,0.2165,27.71,buy,0
1074,1747623977882,0.2165,27.71,buy,0
1075,1747623977890,0.2165,36.95,buy,0
1076,1747623977931,0.2165,46.18,buy,0
1077,1747624014543,0.2162,20.83,sell,0
1078,1747624065720,0.2161,26.69,sell,0
1079,1747624065720,0.2161,26.69,sell,0
1080,1747624065720,0.2161,26.69,sell,0
1081,1747624065720,0.2161,26.69,sell,0
1082,1747624065720,0.2161,47.4,sell,0
1083,1747624065720,0.2161,7.65,sell,0
1084,1747624065720,0.2161,26.69,sell,0
1085,1747624065720,0.2161,26.69,sell,0
1086,1747624065720,0.2161,7.95,sell,0
1087,1747624065720,0.2161,231.37,sell,0
1088,1747624065720,0.2161,15.13,sell,0
1089,1747624065720,0.2161,14.31,sell,0
1090,1747624065720,0.2161,26.69,sell,0
1091,1747624070786,0.2161,1242.32,buy,0
1092,1747624070786,0.2161,2207.51,buy,0
1093,1747624074770,0.2163,404.86,buy,0
1094,1747624074770,0.2162,404.86,buy,0
1095,1747624074770,0.2162,39.16,buy,0
1096,1747624074770,0.2163,186.02,buy,0
1097,1747624083412,0.2162,1225.27,buy,0
1098,1747624109371,0.216,5.95,sell,0
1099,1747624109371,0.216,6.91,sell,0
1100,1747624109371,0.216,78.76,sell,0
1101,1747624109371,0.216,142.74,sell,0
1102,1747624115908,0.2162,64.75,buy,0
1103,1747624115913,0.2162,208.14,buy,0
1104,1747624119867,0.2162,389.39,buy,0
1105,1747624119867,0.2162,131.97,buy,0
1106,1747624119867,0.2162,87.64,buy,0
1107,1747624124590,0.2164,88.96,buy,0
1108,1747624124590,0.2164,357.38,buy,0
1109,1747624124590,0.2164,404.86,buy,0
1110,1747624141689,0.2163,231.19,sell,0
1111,1747624149093,0.2164,242.9,buy,0
1112,1747624150656,0.2164,506.14,buy,0
1113,1747624150658,0.2164,245.65,buy,0
1114,1747624150658,0.2164,471.56,buy,0
1115,1747624154183,0.2166,293.3,buy,0
1116,1747624166895,0.2165,1215.68,buy,0
1117,1747624177158,0.2167,121.4,buy,0
1118,1747624177478,0.2167,1189.09,buy,0
1119,1747624181934,0.2167,36.91,buy,0
1120,1747624181939,0.2167,27.68,buy,0
1121,1747624181943,0.2167,27.68,buy,0
1122,1747624181945,0.2167,27.68,buy,0
1123,1747624181952,0.2167,27.68,buy,0
1124,1747624203868,0.2167,369.99,sell,0
1125,1747624294770,0.2162,26.69,sell,0
1126,1747624361185,0.2161,242.9,buy,0
1127,1747624402848,0.216,87.12,sell,0
1128,1747624402856,0.2158,404.86,sell,0
1129,1747624402856,0.2159,29.63,sell,0
1130,1747624402856,0.2158,1055.76,sell,0
1131,1747624402856,0.2158,14.47,sell,0
1132,1747624402860,0.2158,14.66,sell,0
1133,1747624402860,0.2158,43.56,sell,0
1134,1747624402860,0.2158,43.56,sell,0
1135,1747624402860,0.2158,43.56,sell,0
1136,1747624402860,0.2158,43.56,sell,0
1137,1747624402872,0.2157,404.74,sell,0
1138,1747624402874,0.2158,43.56,buy,0
1139,1747624402874,0.2158,34.16,buy,0
1140,1747624402874,0.2158,43.56,buy,0
1141,1747624402913,0.2158,2207.51,buy,0
1142,1747624402924,0.2159,783.7,buy,0
1143,1747624406577,0.216,404.86,buy,0
1144,1747624438301,0.2159,1147.54,buy,0
1145,1747624440703,0.216,51.01,buy,0
1146,1747624506030,0.2156,349.69,sell,0
1147,1747624506030,0.2156,12.1,sell,0
1148,1747624506030,0.2156,33.24,sell,0
1149,1747624528426,0.2158,121.4,buy,0
1150,1747624528803,0.2158,1204.46,buy,0
1151,1747624538534,0.216,1250.73,buy,0
1152,1747624538534,0.216,1228.82,buy,0
1153,1747624562475,0.2161,134.49,buy,0
1154,1747624562475,0.2161,1109.59,buy,0
1155,1747624640908,0.2155,4.88,sell,0
1156,1747624640908,0.2155,86.04,sell,0
1157,1747624649676,0.2155,116.92,sell,0
1158,1747624671040,0.2155,143.9,buy,0
1159,1747624672829,0.2155,351.66,buy,0
1160,1747624673303,0.2156,48.79,buy,0
1161,1747624673359,0.2156,48.79,buy,0
1162,1747624699136,0.2157,404.86,sell,0
1163,1747624699136,0.2157,404.86,sell,0
1164,1747624699246,0.2157,404.86,sell,0
1165,1747624699526,0.2157,404.86,sell,0
1166,1747624699654,0.2157,404.86,sell,0
1167,1747624740862,0.2159,164.5,buy,0
1168,1747624745045,0.2158,85.6,sell,0
1169,1747624746777,0.2158,87.12,buy,0
1170,1747624746777,0.2158,442.26,buy,0
1171,1747624746778,0.2158,693.54,buy,0
1172,1747624755715,0.216,366.8,buy,0
1173,1747624817526,0.216,85.74,sell,0
1174,1747624824134,0.216,1232.41,buy,0
1175,1747624834108,0.2162,369.6,buy,0
1176,1747624834154,0.2162,404.86,sell,0
1177,1747624839180,0.2163,27.73,buy,0
1178,1747624839183,0.2163,27.73,buy,0
1179,1747624871234,0.2159,85.74,sell,0
1180,1747624903534,0.2158,85.72,sell,0
1181,1747624913927,0.2156,371.8,sell,0
1182,1747624913927,0.2156,270,sell,0
1183,1747624913927,0.2156,371.8,sell,0
1184,1747624913927,0.2156,371.8,sell,0
1185,1747624913927,0.2156,371.8,sell,0
1186,1747624913927,0.2156,371.8,sell,0
1187,1747624913927,0.2156,371.8,sell,0
1188,1747624913932,0.2156,26.69,sell,0
1189,1747624913932,0.2156,101.8,sell,0
1190,1747624913932,0.2156,26.69,sell,0
1191,1747624913932,0.2156,26.69,sell,0
1192,1747624913932,0.2156,26.69,sell,0
1193,1747624913932,0.2156,26.69,sell,0
1194,1747624913932,0.2156,26.69,sell,0
1195,1747624913957,0.2156,26.69,sell,0
1196,1747624913957,0.2156,26.69,sell,0
1197,1747624913957,0.2156,26.69,sell,0
1198,1747624913957,0.2156,26.69,sell,0
1199,1747624942515,0.216,464.08,buy,0
1200,1747624942515,0.216,404.86,buy,0
1201,1747624942515,0.216,85.46,buy,0
1202,1747624945557,0.2159,85.08,sell,0
1203,1747624967198,0.2161,121.4,buy,0
1204,1747624975902,0.2161,84.92,sell,0
1205,1747624991457,0.2161,242.9,buy,0
1206,1747624991476,0.2161,972.86,buy,0
1207,1747624994524,0.2162,364.6,buy,0
1208,1747625017617,0.2158,1191.01,buy,0
1209,1747625024202,0.216,121.4,buy,0
1210,1747625025997,0.2159,84.76,sell,0
1211,1747625032299,0.2161,36.66,buy,0
1212,1747625032299,0.2161,84.74,buy,0
1213,1747625044815,0.216,186.25,buy,0
1214,1747625044815,0.216,696.32,buy,0
1215,1747625044815,0.216,361.49,buy,0
1216,1747625080560,0.2166,87.56,buy,0
1217,1747625085229,0.2166,36.37,sell,0
1218,1747625085229,0.2166,48.05,sell,0
1219,1747625148730,0.2167,84.28,buy,0
1220,1747625150397,0.2168,242.9,buy,0
1221,1747625151989,0.2168,347.19,buy,0
1222,1747625154190,0.2168,138.37,buy,0
1223,1747625197635,0.2165,84.12,sell,0
1224,1747625198818,0.2165,37.28,buy,0
1225,1747625198818,0.2165,84.12,buy,0
1226,1747625209587,0.2165,253.35,buy,0
1227,1747625234228,0.2166,404.86,buy,0
1228,1747625234228,0.2166,84.12,buy,0
1229,1747625234228,0.2166,116.81,buy,0
1230,1747625299230,0.2161,26.69,sell,0
1231,1747625299230,0.2161,26.69,sell,0
1232,1747625303672,0.216,26.69,sell,0
1233,1747625303672,0.216,231.48,sell,0
1234,1747625303672,0.216,26.69,sell,0
1235,1747625303672,0.216,26.69,sell,0
1236,1747625303672,0.216,26.69,sell,0
1237,1747625303672,0.216,26.69,sell,0
1238,1747625303672,0.216,84.34,sell,0
1239,1747625303672,0.216,231.48,sell,0
1240,1747625303672,0.216,26.69,sell,0
1241,1747625303672,0.216,26.69,sell,0
1242,1747625303672,0.216,26.69,sell,0
1243,1747625303672,0.216,26.69,sell,0
1244,1747625303672,0.216,231.48,sell,0
1245,1747625303672,0.216,26.69,sell,0
1246,1747625303672,0.216,26.69,sell,0
1247,1747625303672,0.216,26.69,sell,0
1248,1747625303672,0.216,26.69,sell,0
1249,1747625303672,0.216,26.69,sell,0
1250,1747625383964,0.2158,6.87,sell,0
1251,1747625383964,0.2158,84.74,sell,0
1252,1747625395306,0.2158,404.86,sell,0
1253,1747625395306,0.2158,397.99,sell,0
1254,1747625395470,0.2158,404.86,sell,0
1255,1747625395470,0.2158,404.86,sell,0
1256,1747625395576,0.2158,404.86,sell,0
1257,1747625395576,0.2158,404.86,sell,0
1258,1747625423419,0.216,283.62,buy,0
1259,1747625423419,0.2159,81.98,buy,0
1260,1747625469728,0.216,121.4,buy,0
1261,1747625515592,0.216,41.58,buy,0
1262,1747625515592,0.216,36.47,buy,0
1263,1747625515592,0.216,36.47,buy,0
1264,1747625515592,0.216,36.47,buy,0
1265,1747625515603,0.2161,242.9,buy,0
1266,1747625577250,0.2158,189.5,buy,0
1267,1747625727707,0.2161,80.88,buy,0
1268,1747625791858,0.2159,54.62,sell,0
1269,1747625858341,0.2156,143.88,sell,0
1270,1747625896885,0.2158,89.8,buy,0
1271,1747625964735,0.2158,89.8,sell,0
1272,1747626011424,0.2157,89.72,buy,0
1273,1747626017519,0.2158,121.4,buy,0
1274,1747626018796,0.2158,1198.65,buy,0
1275,1747626022297,0.2159,89.72,buy,0
1276,1747626022323,0.216,359.5,buy,0
1277,1747626047270,0.2161,1243.87,buy,0
1278,1747626088801,0.2157,42.12,sell,0
1279,1747626176993,0.2154,8.68,sell,0
1280,1747626176993,0.2154,5.25,sell,0
1281,1747626176993,0.2154,5.64,sell,0
1282,1747626220913,0.2151,7.42,sell,0
1283,1747626220913,0.2151,9.7,sell,0
1284,1747626221175,0.215,144.57,sell,0
1285,1747626221175,0.215,24.23,sell,0
1286,1747626221175,0.215,100,sell,0
1287,1747626236011,0.2149,404.86,sell,0
1288,1747626236011,0.2149,6.14,sell,0
1289,1747626237153,0.2148,89.02,sell,0
1290,1747626252922,0.2148,1196.06,buy,0
1291,1747626266570,0.215,121.4,buy,0
1292,1747626269187,0.215,87.2,buy,0
1293,1747626304213,0.2147,232.88,sell,0
1294,1747626304213,0.2147,232.88,sell,0
1295,1747626304213,0.2147,232.88,sell,0
1296,1747626304213,0.2147,232.88,sell,0
1297,1747626304213,0.2147,232.88,sell,0
1298,1747626304213,0.2147,82.48,sell,0
1299,1747626304213,0.2147,404.86,sell,0
1300,1747626304213,0.2147,404.86,sell,0
1301,1747626304213,0.2147,174.63,sell,0
1302,1747626304213,0.2147,232.88,sell,0
1303,1747626304213,0.2147,232.88,sell,0
1304,1747626304213,0.2147,232.88,sell,0
1305,1747626304264,0.2147,26.79,sell,0
1306,1747626304264,0.2147,26.79,sell,0
1307,1747626304264,0.2147,232.88,sell,0
1308,1747626304264,0.2147,17.69,sell,0
1309,1747626304264,0.2147,26.79,sell,0
1310,1747626304264,0.2147,26.79,sell,0
1311,1747626304264,0.2147,26.79,sell,0
1312,1747626304264,0.2147,26.79,sell,0
1313,1747626304264,0.2147,26.79,sell,0
1314,1747626304264,0.2147,26.79,sell,0
1315,1747626304264,0.2147,26.79,sell,0
1316,1747626304264,0.2147,26.79,sell,0
1317,1747626304264,0.2147,26.79,sell,0
1318,1747626304264,0.2147,26.79,sell,0
1319,1747626304264,0.2147,26.79,sell,0
1320,1747626304264,0.2147,26.79,sell,0
1321,1747626304264,0.2147,232.88,sell,0
1322,1747626304264,0.2147,26.79,sell,0
1323,1747626304264,0.2147,26.79,sell,0
1324,1747626304264,0.2147,26.79,sell,0
1325,1747626304271,0.2147,232.88,sell,0
1326,1747626304271,0.2147,232.88,sell,0
1327,1747626304271,0.2147,215.19,sell,0
1328,1747626304526,0.2147,88.52,sell,0
1329,1747626304526,0.2147,404.86,sell,0
1330,1747626309327,0.2146,5.76,sell,0
1331,1747626309327,0.2146,6.71,sell,0
1332,1747626340345,0.2145,78.76,sell,0
1333,1747626340345,0.2145,5.95,sell,0
1334,1747626344018,0.2145,27.96,buy,0
1335,1747626350009,0.2145,782.49,buy,0
1336,1747626350011,0.2145,465.72,buy,0
1337,1747626354377,0.2147,242.9,buy,0
1338,1747626397726,0.2144,14.57,sell,0
1339,1747626402860,0.2144,1202.47,buy,0
1340,1747626404215,0.2146,32.44,buy,0
1341,1747626404215,0.2146,88.96,buy,0
1342,1747626426160,0.2148,88.82,buy,0
1343,1747626426164,0.2145,38.13,sell,0
1344,1747626426164,0.2147,88.82,sell,0
1345,1747626426164,0.2147,404.86,sell,0
1346,1747626426164,0.2147,404.86,sell,0
1347,1747626426164,0.2145,13049.7,sell,1
1348,1747626426164,0.2146,15520.37,sell,1
1349,1747626426164,0.2145,36.73,sell,0
1350,1747626426164,0.2146,404.86,sell,0
1351,1747626426164,0.2146,404.86,sell,0
1352,1747626426164,0.2146,88.82,sell,0
1353,1747626426164,0.2145,404.86,sell,0
1354,1747626426164,0.2145,2323.96,sell,0
1355,1747626426164,0.2146,1195.34,sell,0
1356,1747626426164,0.2146,2323.96,sell,0
1357,1747626426180,0.2148,88.82,sell,0
1358,1747626427759,0.2147,88.82,sell,0
1359,1747626433418,0.2148,242.9,buy,0
1360,1747626481666,0.2148,46.55,sell,0
1361,1747626492967,0.2144,89.32,buy,0
1362,1747626492979,0.2145,121.4,buy,0
1363,1747626509525,0.2148,1100.79,buy,0
1364,1747626550146,0.2148,781.93,buy,0
1365,1747626550146,0.2148,424.62,buy,0
1366,1747626550146,0.2148,26.88,buy,0
1367,1747626550152,0.2149,144.9,buy,0
1368,1747626551780,0.2149,232.68,sell,0
1369,1747626552816,0.215,93.02,buy,0
1370,1747626572583,0.2149,189.6,buy,0
1371,1747626579611,0.2149,53.3,buy,0
1372,1747626623537,0.2149,770.89,buy,0
1373,1747626623537,0.2149,433.74,buy,0
1374,1747626623543,0.2151,17.84,buy,0
1375,1747626623543,0.2151,56.94,buy,0
1376,1747626623543,0.2151,36.61,buy,0
1377,1747626623543,0.2151,36.61,buy,0
1378,1747626627641,0.2151,46.49,buy,0
1379,1747626627745,0.2151,27.89,buy,0
1380,1747626627747,0.2151,27.89,buy,0
1381,1747626627753,0.2151,27.89,buy,0
1382,1747626627755,0.2151,27.89,buy,0
1383,1747626627843,0.2151,46.49,buy,0
1384,1747626627850,0.2151,27.89,buy,0
1385,1747626627861,0.2151,27.89,buy,0
1386,1747626627865,0.2151,116.22,buy,0
1387,1747626627866,0.2151,17.41,buy,0
1388,1747626627866,0.2151,10.48,buy,0
1389,1747626627882,0.2151,46.49,buy,0
1390,1747626651810,0.2151,232.55,sell,0
1391,1747626651813,0.2151,172.31,sell,0
1392,1747626651813,0.215,60.33,sell,0
1393,1747626691950,0.2152,1245.73,sell,0
1394,1747626715764,0.2152,88.9,buy,0
1395,1747626715764,0.2152,32.5,buy,0
1396,1747626745374,0.2151,88.9,sell,0
1397,1747626776757,0.215,232.56,sell,0
1398,1747626776757,0.215,26.79,sell,0
1399,1747626776757,0.215,26.79,sell,0
1400,1747626776757,0.215,26.79,sell,0
1401,1747626776757,0.215,26.79,sell,0
1402,1747626776757,0.215,26.79,sell,0
1403,1747626776757,0.215,232.56,sell,0
1404,1747626776757,0.215,232.56,sell,0
1405,1747626776757,0.215,232.56,sell,0
1406,1747626776757,0.215,26.79,sell,0
1407,1747626776757,0.215,232.56,sell,0
1408,1747626822421,0.2145,88.8,buy,0
1409,1747626822633,0.2146,121.4,buy,0
1410,1747626848624,0.2147,88.84,buy,0
1411,1747626905382,0.2145,88.74,sell,0
1412,1747626917464,0.2145,88.78,buy,0
1413,1747626917468,0.2146,148,buy,0
1414,1747626942452,0.2148,286,buy,0
1415,1747626942452,0.2148,88.8,buy,0
1416,1747627011887,0.2151,121.4,buy,0
1417,1747627020949,0.2151,404.86,buy,0
1418,1747627020949,0.2151,404.86,buy,0
1419,1747627020949,0.2151,680.44,buy,0
1420,1747627072240,0.2152,121.4,buy,0
1421,1747627072269,0.2151,232.56,sell,0
1422,1747627138927,0.2149,88.46,sell,0
1423,1747627142840,0.2148,88.38,sell,0
1424,1747627167475,0.215,242.9,buy,0
1425,1747627173103,0.2149,18.01,buy,0
1426,1747627175611,0.2148,18.01,buy,0
1427,1747627176455,0.2148,18.01,buy,0
1428,1747627185205,0.2146,53.93,sell,0
1429,1747627211354,0.2147,88.22,buy,0
1430,1747627227289,0.2148,242.9,buy,0
1431,1747627227328,0.2148,1235.09,buy,0
1432,1747627233294,0.2149,48.8,buy,0
1433,1747627233294,0.2149,863.59,buy,0
1434,1747627233296,0.2149,328.6,buy,0
1435,1747627238808,0.2151,242.9,buy,0
1436,1747627241532,0.2149,1196.89,sell,0
1437,1747627259365,0.2148,88.24,sell,0
1438,1747627270675,0.2149,141.19,buy,0
1439,1747627276060,0.2149,236.39,buy,0
1440,1747627276060,0.2149,404.86,buy,0
1441,1747627276060,0.2149,88.24,buy,0
1442,1747627277056,0.2149,537.49,buy,0
1443,1747627277056,0.2149,168.47,buy,0
1444,1747627279753,0.2149,662.92,buy,0
1445,1747627279753,0.2149,43.04,buy,0
1446,1747627280010,0.2149,268.92,buy,0
1447,1747627283813,0.2149,404.86,buy,0
1448,1747627283813,0.2149,92.9,buy,0
1449,1747627283813,0.2149,443.52,buy,0
1450,1747627285237,0.2149,164.72,buy,0
1451,1747627287663,0.2149,117.66,buy,0
1452,1747627288714,0.2148,404.86,buy,0
1453,1747627288714,0.2148,65.78,buy,0
1454,1747627291524,0.2148,84.49,buy,0
1455,1747627291524,0.2148,339.08,buy,0
1456,1747627292363,0.2149,235.32,buy,0
1457,1747627294457,0.2148,47.06,buy,0
1458,1747627349663,0.2151,88.84,sell,0
1459,1747627359719,0.2151,88.84,sell,0
1460,1747627404211,0.2152,88.84,sell,0
1461,1747627435863,0.2151,88.86,sell,0
1462,1747627440495,0.215,88.84,sell,0
1463,1747627458726,0.2149,88.86,sell,0
1464,1747627509557,0.2151,88.74,sell,0
1465,1747627517394,0.215,36.64,buy,0
1466,1747627521537,0.215,49.78,sell,0
1467,1747627563578,0.2144,404.86,sell,0
1468,1747627563578,0.2144,404.86,sell,0
1469,1747627572607,0.2145,355.34,buy,0
1470,1747627572611,0.2145,868.35,buy,0
1471,1747627607618,0.2141,520.37,buy,0
1472,1747627607618,0.2141,684.15,buy,0
1473,1747627607629,0.2141,404.86,sell,0
1474,1747627607842,0.214,141.02,sell,0
1475,1747627607842,0.214,730,sell,0
1476,1747627607842,0.214,6.91,sell,0
1477,1747627611344,0.214,37.51,buy,0
1478,1747627611344,0.214,1169.12,buy,0
1479,1747627613170,0.2141,1233.95,buy,0
1480,1747627615341,0.2142,28.01,buy,0
1481,1747627615346,0.2142,28.01,buy,0
1482,1747627669908,0.2144,394.8,buy,0
1483,1747627754839,0.2147,1228.16,buy,0
1484,1747627763466,0.215,242.9,buy,0
1485,1747627763470,0.215,324.34,buy,0
1486,1747627763470,0.215,136.51,buy,0
1487,1747627763470,0.215,669.79,buy,0
1488,1747627769237,0.2151,86.9,buy,0
1489,1747627777744,0.2151,89.2,buy,0
1490,1747627782444,0.2149,36.69,buy,0
1491,1747627880348,0.2151,67.48,sell,0
1492,1747627936131,0.2153,232.25,sell,0
1493,1747627936132,0.2153,172.61,sell,0
1494,1747627936132,0.2153,59.68,sell,0
1495,1747627936136,0.2153,232.33,sell,0
1496,1747627939352,0.2153,27.86,buy,0
1497,1747627939438,0.2153,139.34,buy,0
1498,1747627954270,0.2154,232.23,sell,0
1499,1747627972012,0.2154,121.4,buy,0
1500,1747627981921,0.2155,46.5,buy,0
1501,1747627987231,0.2157,231.83,sell,0
1502,1747627993071,0.2158,86.34,sell,0
1503,1747628006466,0.2155,51.5,sell,0
1504,1747628025075,0.2156,42.86,buy,0
1505,1747628025075,0.2156,36.52,buy,0
1506,1747628027994,0.2157,85.72,buy,0
1507,1747628136982,0.2157,117.07,buy,0
1508,1747628136984,0.2157,1102.4,buy,0
1509,1747628167584,0.2154,85.72,sell,0
1510,1747628183325,0.2153,86.76,sell,0
1511,1747628196060,0.2154,85.24,sell,0
1512,1747628218354,0.2154,85.24,sell,0
1513,1747628240064,0.215,26.79,sell,0
1514,1747628259756,0.215,36.64,buy,0
1515,1747628259756,0.215,85.24,buy,0
1516,1747628259756,0.215,465.15,buy,0
1517,1747628259756,0.215,36.64,buy,0
1518,1747628259756,0.215,44.6,buy,0
1519,1747628259756,0.215,36.64,buy,0
1520,1747628259756,0.215,519.21,buy,0
1521,1747628277285,0.2147,404.86,sell,0
1522,1747628277285,0.2147,404.86,sell,0
1523,1747628292717,0.2147,121.4,buy,0
1524,1747628375214,0.214,139.11,sell,0
1525,1747628393475,0.2139,11.24,sell,0
1526,1747628404300,0.2138,47.4,sell,0
1527,1747628404300,0.2138,1141.73,sell,0
1528,1747628404301,0.2138,1401.92,sell,0
1529,1747628404311,0.2138,1552.5,sell,0
1530,1747628404313,0.2138,152.8,sell,0
1531,1747628404313,0.2138,236.17,sell,0
1532,1747628404313,0.2138,1552.5,sell,0
1533,1747628410490,0.2138,32.74,buy,0
1534,1747628428572,0.2138,1158.91,buy,0
1535,1747628428572,0.2138,71.38,buy,0
1536,1747628460795,0.2139,1230.12,buy,0
1537,1747628461534,0.214,85.4,buy,0
1538,1747628461534,0.2141,283.6,buy,0
1539,1747628465682,0.2141,322.4,buy,0
1540,1747628502845,0.2144,147,buy,0
1541,1747628527996,0.2144,0.44,buy,1
1542,1747628527996,0.2144,85.4,buy,0
1543,1747628530889,0.2145,36,buy,0
1544,1747628530889,0.2145,85.4,buy,0
1545,1747628589742,0.2142,404.86,sell,0
1546,1747628617140,0.214,26.89,sell,0
1547,1747628617140,0.214,26.89,sell,0
1548,1747628617140,0.214,26.89,sell,0
1549,1747628617140,0.214,26.89,sell,0
1550,1747628617140,0.214,233.64,sell,0
1551,1747628617140,0.214,233.64,sell,0
1552,1747628617140,0.214,26.89,sell,0
1553,1747628617140,0.214,26.89,sell,0
1554,1747628617140,0.214,26.89,sell,0
1555,1747628617140,0.214,26.89,sell,0
1556,1747628671614,0.2137,7.95,sell,0
1557,1747628671614,0.2137,8.68,sell,0
1558,1747628684356,0.2137,404.86,sell,0
1559,1747628684356,0.2137,404.86,sell,0
1560,1747628704439,0.2136,6,sell,0
1561,1747628718566,0.2135,46.62,sell,0
1562,1747628760560,0.2134,6.93,sell,0
1563,1747628760560,0.2134,118.32,sell,0
1564,1747628760560,0.2134,7.65,sell,0
1565,1747628760560,0.2134,70.99,sell,0
1566,1747628760560,0.2134,118.32,sell,0
1567,1747628760560,0.2134,135.22,sell,0
1568,1747628760560,0.2134,47.32,sell,0
1569,1747628813176,0.2135,528.86,buy,0
1570,1747628813184,0.2135,603.79,buy,0
1571,1747628815733,0.2136,51.59,buy,0
1572,1747628817150,0.2136,34.19,buy,0
1573,1747628817150,0.2136,53.59,buy,0
1574,1747628826043,0.2137,202.4,buy,0
1575,1747628922511,0.2139,404.86,sell,0
1576,1747628922511,0.2139,404.86,sell,0
1577,1747629000334,0.2138,26.99,sell,0
1578,1747629000334,0.2138,233.86,sell,0
1579,1747629000334,0.2138,26.99,sell,0
1580,1747629004362,0.2139,242.9,buy,0
1581,1747629040998,0.2138,242.9,buy,0
1582,1747629041003,0.2138,357.14,buy,0
1583,1747629042636,0.214,356.8,buy,0
1584,1747629049189,0.214,1205.12,sell,0
1585,1747629064722,0.2141,233.54,sell,0
1586,1747629067808,0.2141,28.02,buy,0
1587,1747629067821,0.2141,28.02,buy,0
1588,1747629067849,0.2141,32.69,buy,0
1589,1747629068666,0.2141,28.02,buy,0
1590,1747629068985,0.214,84.5,sell,0
1591,1747629100319,0.2137,84.46,sell,0
1592,1747629119062,0.2133,47.35,sell,0
1593,1747629120306,0.2132,7.95,sell,0
1594,1747629120306,0.2132,6.14,sell,0
1595,1747629120306,0.2132,6.57,sell,0
1596,1747629124795,0.2132,84.32,buy,0
1597,1747629125252,0.2134,317.44,buy,0
1598,1747629125252,0.2134,404.86,buy,0
1599,1747629127189,0.2134,49.25,buy,0
1600,1747629128021,0.2135,49.22,buy,0
1601,1747629138014,0.2136,42.17,sell,0
1602,1747629156066,0.2137,40.74,sell,0
1603,1747629156066,0.2137,36.86,sell,0
1604,1747629173417,0.2135,121.4,buy,0
1605,1747629213683,0.2136,84.34,sell,0
1606,1747629219496,0.2134,84.3,sell,0
1607,1747629219710,0.2133,26.99,sell,0
1608,1747629225031,0.2135,38.95,buy,0
1609,1747629225031,0.2135,36.88,buy,0
1610,1747629225031,0.2136,70.77,buy,0
1611,1747629288632,0.2133,404.86,buy,0
1612,1747629297102,0.2135,121.4,buy,0
1613,1747629298406,0.2136,84.34,buy,0
1614,1747629345755,0.2135,84.38,buy,0
1615,1747629354445,0.2138,84.36,buy,0
1616,1747629433476,0.2135,53.43,sell,0
1617,1747629450361,0.2131,84.56,sell,0
1618,1747629452035,0.2131,51.12,buy,0
1619,1747629453970,0.2133,269.3,buy,0
1620,1747629457926,0.2133,28.12,buy,0
1621,1747629457956,0.2133,117.2,buy,0
1622,1747629457958,0.2133,28.12,buy,0
1623,1747629457966,0.2133,28.12,buy,0
1624,1747629457967,0.2133,46.88,buy,0
1625,1747629458034,0.2133,28.12,buy,0
1626,1747629461222,0.2133,617.71,buy,0
1627,1747629461223,0.2133,583.12,buy,0
1628,1747629466303,0.2135,360.1,buy,0
1629,1747629475046,0.2133,55.97,sell,0
1630,1747629497000,0.2132,253.14,buy,0
1631,1747629506312,0.2133,752.42,buy,0
1632,1747629506312,0.2133,121.4,buy,0
1633,1747629574178,0.2137,404.86,sell,0
1634,1747629574178,0.2137,404.86,sell,0
1635,1747629574184,0.2137,404.86,sell,0
1636,1747629616801,0.213,5.95,sell,0
1637,1747629616801,0.213,7.42,sell,0
1638,1747629616801,0.213,33.24,sell,0
1639,1747629616801,0.213,6.68,sell,0
1640,1747629616801,0.213,78.76,sell,0
1641,1747629616801,0.213,138.14,sell,0
1642,1747629617095,0.213,84.2,buy,0
1643,1747629623017,0.2132,28.14,buy,0
1644,1747629623023,0.2132,28.14,buy,0
1645,1747629636157,0.213,138.37,sell,0
1646,1747629642479,0.2128,237.36,sell,0
1647,1747629660625,0.2125,5.64,sell,0
1648,1747629660625,0.2125,20.83,sell,0
1649,1747629660625,0.2125,404.86,sell,0
1650,1747629660625,0.2125,404.86,sell,0
1651,1747629662719,0.2123,407.36,sell,0
1652,1747629662719,0.2123,407.36,sell,0
1653,1747629665512,0.2122,15.13,sell,0
1654,1747629665512,0.2122,24.64,sell,0
1655,1747629665512,0.2122,404.86,sell,0
1656,1747629665512,0.2122,404.86,sell,0
1657,1747629665535,0.2122,84.18,buy,0
1658,1747629672330,0.2123,242.9,buy,0
1659,1747629676139,0.2121,5.12,sell,0
1660,1747629676139,0.2121,472.9,sell,0
1661,1747629676139,0.2121,390.32,sell,0
1662,1747629676145,0.2121,1552.5,sell,0
1663,1747629676146,0.2121,884.07,sell,0
1664,1747629676147,0.2121,5940.21,sell,0
1665,1747629677292,0.212,6.91,sell,0
1666,1747629677292,0.2119,84.14,sell,0
1667,1747629677292,0.212,8.68,sell,0
1668,1747629677292,0.2119,14.31,sell,0
1669,1747629677346,0.2119,385.1,buy,0
1670,1747629678808,0.2118,42.46,sell,0
1671,1747629678808,0.2118,141.64,sell,0
1672,1747629679597,0.2117,42.07,sell,0
1673,1747629679597,0.2118,208.26,sell,0
1674,1747629679597,0.2117,33.58,sell,0
1675,1747629679597,0.2117,8.49,sell,0
1676,1747629679597,0.2117,77.53,sell,0
1677,1747629679597,0.2118,42.07,sell,0
1678,1747629679597,0.2117,42.07,sell,0
1679,1747629679597,0.2117,42.07,sell,0
1680,1747629679598,0.2117,34.83,sell,0
1681,1747629679933,0.2116,31.5,sell,0
1682,1747629679933,0.2116,29.74,sell,0
1683,1747629679934,0.2116,42.06,sell,0
1684,1747629679934,0.2116,42.06,sell,0
1685,1747629679934,0.2116,42.06,sell,0
1686,1747629679934,0.2116,42.06,sell,0
1687,1747629681582,0.2117,242.9,buy,0
1688,1747629681654,0.2117,28.33,buy,0
1689,1747629681908,0.2116,289.1,buy,0
1690,1747629682927,0.2116,37.22,buy,0
1691,1747629682927,0.2116,47.03,buy,0
1692,1747629682927,0.2116,37.22,buy,0
1693,1747629682927,0.2116,37.22,buy,0
1694,1747629683534,0.2117,1225.61,buy,0
1695,1747629684555,0.2117,404.86,sell,0
1696,1747629685053,0.2118,49.62,buy,0
1697,1747629685171,0.2117,49.64,buy,0
1698,1747629685897,0.2116,28.35,buy,0
1699,1747629685903,0.2116,28.35,buy,0
1700,1747629685939,0.2116,2.49,buy,0
1701,1747629685939,0.2116,25.86,buy,0
1702,1747629686001,0.2117,28.34,buy,0
1703,1747629686003,0.2117,28.34,buy,0
1704,1747629686006,0.2117,47.23,buy,0
1705,1747629686009,0.2117,28.34,buy,0
1706,1747629686013,0.2117,28.34,buy,0
1707,1747629686019,0.2117,28.34,buy,0
1708,1747629686020,0.2117,28.34,buy,0
1709,1747629686021,0.2117,61.4,buy,0
1710,1747629686035,0.2117,28.34,buy,0
1711,1747629686059,0.2117,28.34,buy,0
1712,1747629686062,0.2117,19.87,buy,0
1713,1747629686062,0.2117,8.47,buy,0
1714,1747629686092,0.2117,28.34,buy,0
1715,1747629686093,0.2117,33.06,buy,0
1716,1747629686097,0.2117,28.34,buy,0
1717,1747629686107,0.2117,28.34,buy,0
1718,1747629686109,0.2117,47.23,buy,0
1719,1747629686109,0.2117,28.34,buy,0
1720,1747629686111,0.2117,28.34,buy,0
1721,1747629686113,0.2117,28.34,buy,0
1722,1747629686118,0.2117,47.23,buy,0
1723,1747629686125,0.2117,28.34,buy,0
1724,1747629686131,0.2117,28.34,buy,0
1725,1747629686161,0.2117,28.34,buy,0
1726,1747629686175,0.2117,13.81,buy,0
1727,1747629686175,0.2117,33.42,buy,0
1728,1747629686183,0.2117,47.23,buy,0
1729,1747629686183,0.2117,33.06,buy,0
1730,1747629686184,0.2117,94.47,buy,0
1731,1747629686187,0.2117,28.34,buy,0
1732,1747629686189,0.2117,47.23,buy,0
1733,1747629686190,0.2117,28.34,buy,0
1734,1747629686191,0.2117,28.34,buy,0
1735,1747629686192,0.2117,28.34,buy,0
1736,1747629686193,0.2117,28.34,buy,0
1737,1747629686194,0.2117,28.34,buy,0
1738,1747629686194,0.2117,56.68,buy,0
1739,1747629686194,0.2117,28.34,buy,0
1740,1747629686195,0.2117,28.34,buy,0
1741,1747629686197,0.2117,28.34,buy,0
1742,1747629686198,0.2117,28.34,buy,0
1743,1747629686200,0.2117,28.34,buy,0
1744,1747629686203,0.2117,28.34,buy,0
1745,1747629686204,0.2117,28.34,buy,0
1746,1747629686204,0.2117,47.23,buy,0
1747,1747629686205,0.2117,56.68,buy,0
1748,1747629686205,0.2117,28.34,buy,0
1749,1747629686206,0.2117,28.34,buy,0
1750,1747629686206,0.2117,28.34,buy,0
1751,1747629686208,0.2117,28.34,buy,0
1752,1747629686211,0.2117,28.34,buy,0
1753,1747629686213,0.2117,28.34,buy,0
1754,1747629686215,0.2117,28.34,buy,0
1755,1747629686217,0.2117,47.23,buy,0
1756,1747629686218,0.2117,94.47,buy,0
1757,1747629686219,0.2117,47.23,buy,0
1758,1747629686230,0.2117,37.78,buy,0
1759,1747629686243,0.2117,28.34,buy,0
1760,1747629686252,0.2117,28.34,buy,0
1761,1747629689857,0.2115,78.76,sell,0
1762,1747629689857,0.2115,5.95,sell,0
1763,1747629689857,0.2115,82.56,sell,0
1764,1747629689857,0.2115,5.25,sell,0
1765,1747629689857,0.2115,47.4,sell,0
1766,1747629689857,0.2115,6.14,sell,0
1767,1747629691164,0.2116,70.88,buy,0
1768,1747629698136,0.2115,1237.23,buy,0
1769,1747629698446,0.2115,404.86,sell,0
1770,1747629698446,0.2115,404.86,sell,0
1771,1747629698947,0.2115,404.86,sell,0
1772,1747629702683,0.2114,349.69,sell,0
1773,1747629710028,0.2116,28.35,buy,0
1774,1747629710033,0.2116,28.35,buy,0
1775,1747629710035,0.2116,47.25,buy,0
1776,1747629710040,0.2116,28.35,buy,0
1777,1747629710045,0.2116,28.35,buy,0
1778,1747629710131,0.2116,28.35,buy,0
1779,1747629710133,0.2116,28.35,buy,0
1780,1747629723631,0.2119,1220.56,buy,0
1781,1747629725949,0.2119,82.62,sell,0
1782,1747629757388,0.2122,47.12,sell,0
1783,1747629757395,0.2121,404.86,sell,0
1784,1747629757395,0.2121,404.86,sell,0
1785,1747629763045,0.2121,404.86,sell,0
1786,1747629763045,0.2121,1588.8,sell,0
1787,1747629768044,0.2121,404.86,sell,0
1788,1747629768044,0.2121,404.86,sell,0
1789,1747629773044,0.212,37.7,sell,0
1790,1747629774118,0.2122,37.11,buy,0
1791,1747629774118,0.2122,360.8,buy,0
1792,1747629783896,0.2123,82.62,buy,0
1793,1747629783896,0.2123,90.63,buy,0
1794,1747629783900,0.2123,516.78,buy,0
1795,1747629783901,0.2123,584.35,buy,0
1796,1747629784977,0.2124,1192.74,buy,0
1797,1747629787888,0.2125,1234.63,buy,0
1798,1747629873768,0.2126,404.86,sell,0
1799,1747629897554,0.2126,83.52,sell,0
1800,1747629917277,0.2125,83.52,sell,0
1801,1747629917332,0.2124,71.97,buy,0
1802,1747629917332,0.2124,37.06,buy,0
1803,1747629917332,0.2124,41.57,buy,0
1804,1747629917336,0.2124,2000,buy,0
1805,1747629917341,0.2124,323.96,buy,0
1806,1747629917378,0.2124,323.96,buy,0
1807,1747629917378,0.2124,2000,buy,0
1808,1747629917396,0.2124,404.86,sell,0
1809,1747629917396,0.2124,404.86,sell,0
1810,1747629917581,0.2124,404.86,sell,0
1811,1747629917581,0.2124,404.86,sell,0
1812,1747629962038,0.2123,37.11,buy,0
1813,1747629962038,0.2123,37.11,buy,0
1814,1747629962038,0.2123,37.11,buy,0
1815,1747629962038,0.2123,44.77,buy,0
1816,1747629962040,0.2123,1049.96,buy,0
1817,1747629972228,0.2123,27.02,sell,0
1818,1747629991531,0.2124,502.54,buy,0
1819,1747630086044,0.212,367.16,sell,0
1820,1747630086044,0.212,83.14,sell,0
1821,1747630086044,0.212,404.86,sell,0
1822,1747630086077,0.2119,1147.42,sell,0
1823,1747630086077,0.2119,404.86,sell,0
1824,1747630086077,0.2119,404.86,sell,0
1825,1747630086077,0.2119,92.91,sell,0
1826,1747630086181,0.212,404.86,buy,0
1827,1747630111566,0.2116,83.4,buy,0
1828,1747630111566,0.2116,1246.68,buy,0
1829,1747630130706,0.2114,1192.39,buy,0
1830,1747630187948,0.2113,5,sell,0
1831,1747630187948,0.2113,9.7,sell,0
1832,1747630187955,0.2113,44.07,sell,1
1833,1747630189407,0.2112,6.71,sell,0
1834,1747630189407,0.2112,47.34,sell,0
1835,1747630190481,0.2111,404.86,sell,0
1836,1747630190481,0.2111,118.77,sell,0
1837,1747630190481,0.2111,156.9,sell,0
1838,1747630190482,0.2111,168.31,sell,0
1839,1747630190483,0.2111,79.65,sell,0
1840,1747630190491,0.211,47.86,sell,0
1841,1747630190491,0.211,7.1,sell,0
1842,1747630190491,0.211,119.67,sell,0
1843,1747630190491,0.211,71.8,sell,0
1844,1747630190491,0.211,136.76,sell,0
1845,1747630190491,0.211,404.86,sell,0
1846,1747630190506,0.211,404.86,sell,0
1847,1747630190515,0.211,404.86,sell,0
1848,1747630190579,0.211,2323.96,buy,0
1849,1747630191147,0.2112,233.35,buy,0
1850,1747630191147,0.2112,83.46,buy,0
1851,1747630191154,0.2112,976.62,buy,0
1852,1747630192528,0.2113,59.14,buy,0
1853,1747630193120,0.2113,49.73,buy,0
1854,1747630193437,0.2113,49.73,buy,0
1855,1747630196298,0.2112,33.14,buy,0
1856,1747630200847,0.2111,153.4,buy,0
1857,1747630207741,0.2109,12.1,sell,0
1858,1747630207741,0.2109,146.99,sell,0
1859,1747630207741,0.2109,7.42,sell,0
1860,1747630214086,0.2108,83.46,sell,0
1861,1747630214086,0.2108,11.24,sell,0
1862,1747630214123,0.2108,105.5,buy,0
1863,1747630216557,0.2107,7.65,sell,0
1864,1747630223313,0.211,66.35,buy,0
1865,1747630277969,0.211,84,buy,0
1866,1747630292380,0.2111,306.25,buy,0
1867,1747630298730,0.2111,83.98,buy,0
1868,1747630326884,0.2111,50.1,sell,0
1869,1747630356137,0.2109,83.98,sell,0
1870,1747630377911,0.2108,36.83,buy,0
1871,1747630382673,0.2106,29.63,sell,0
1872,1747630382673,0.2106,239.78,sell,0
1873,1747630398668,0.2108,0.52,buy,0
1874,1747630398668,0.2108,56.88,buy,0
1875,1747630400273,0.2109,71.12,buy,0
1876,1747630436192,0.2109,83.96,buy,0
1877,1747630443072,0.2106,84.02,sell,0
1878,1747630444784,0.2105,5.76,sell,0
1879,1747630444784,0.2105,572.32,sell,0
1880,1747630444784,0.2105,852.85,sell,0
1881,1747630444784,0.2105,712.58,sell,0
1882,1747630445798,0.2104,33.24,sell,0
1883,1747630445930,0.2103,8.68,sell,0
1884,1747630445930,0.2103,1.65,sell,0
1885,1747630445930,0.2103,404.86,sell,0
1886,1747630445930,0.2103,7.95,sell,0
1887,1747630466723,0.2104,83.98,sell,0
1888,1747630500230,0.2103,59.74,sell,0
1889,1747630500230,0.2103,37.44,sell,0
1890,1747630500230,0.2103,37.44,sell,0
1891,1747630500233,0.2103,126.35,sell,0
1892,1747630500233,0.2103,270.24,sell,0
1893,1747630519669,0.2101,149.46,sell,0
1894,1747630519669,0.2101,84,sell,0
1895,1747630519669,0.2101,137.03,sell,0
1896,1747630521476,0.2101,83.86,sell,0
1897,1747630521476,0.2101,149.73,sell,0
1898,1747630523064,0.2102,404.86,buy,0
1899,1747630523064,0.2102,404.86,buy,0
1900,1747630530112,0.2102,149.41,sell,0
1901,1747630539224,0.2103,268.94,sell,0
1902,1747630539224,0.2103,404.86,sell,0
1903,1747630539224,0.2103,135.92,sell,0
1904,1747630539226,0.2102,255.45,sell,0
1905,1747630539226,0.2102,404.86,sell,0
1906,1747630539236,0.2101,1226.61,sell,0
1907,1747630539236,0.2101,404.86,sell,0
1908,1747630539517,0.2102,83.96,buy,0
1909,1747630539517,0.2102,1235.05,buy,0
1910,1747630560384,0.2105,43.59,sell,0
1911,1747630577190,0.2103,404.86,buy,0
1912,1747630579517,0.2104,82.86,buy,0
1913,1747630619109,0.2109,106.23,buy,0
1914,1747630619109,0.2109,298.63,buy,0
1915,1747630619109,0.2109,404.86,buy,0
1916,1747630622283,0.211,37.91,buy,0
1917,1747630622284,0.211,28.43,buy,0
1918,1747630622381,0.211,28.43,buy,0
1919,1747630622385,0.211,37.91,buy,0
1920,1747630622388,0.211,28.43,buy,0
1921,1747630622392,0.211,28.43,buy,0
1922,1747630622404,0.211,28.43,buy,0
1923,1747630622411,0.211,28.43,buy,0
1924,1747630622451,0.211,28.43,buy,0
1925,1747630622480,0.211,118.48,buy,0
1926,1747630622487,0.211,35.84,buy,0
1927,1747630622487,0.211,11.55,buy,0
1928,1747630622488,0.211,71.09,buy,0
1929,1747630622489,0.211,28.43,buy,0
1930,1747630622503,0.211,28.43,buy,0
1931,1747630622845,0.211,28.43,buy,0
1932,1747630633186,0.2111,115.8,buy,0
1933,1747630642403,0.2111,115.55,buy,0
1934,1747630726366,0.2111,83.12,sell,0
1935,1747630726366,0.2111,116.05,sell,0
1936,1747630818905,0.2111,83.12,sell,0
1937,1747630820633,0.211,83.12,sell,0
1938,1747630825160,0.2108,82.98,buy,0
1939,1747630825160,0.2108,404.86,buy,0
1940,1747630825160,0.2108,404.86,buy,0
1941,1747630825409,0.2109,48.33,buy,0
1942,1747630825409,0.2109,37.34,buy,0
1943,1747630825415,0.2109,404.86,buy,0
1944,1747630825415,0.2109,319.19,buy,0
1945,1747630825611,0.2108,80.86,sell,0
1946,1747630825956,0.2107,404.86,buy,0
1947,1747630826627,0.2107,404.86,buy,0
1948,1747630826627,0.2107,404.86,buy,0
1949,1747630838983,0.2106,83.06,buy,0
1950,1747630844445,0.2107,83.04,buy,0
1951,1747630866043,0.2107,79.22,sell,0
1952,1747630871656,0.2108,915.62,buy,0
1953,1747630871661,0.2108,278.66,buy,0
1954,1747630871695,0.2108,26.23,buy,0
1955,1747630885697,0.2107,79.12,buy,0
1956,1747630917593,0.2104,79.06,buy,0
1957,1747630927637,0.2105,79.06,buy,0
1958,1747630936729,0.2106,79.06,sell,0
1959,1747630948747,0.2104,37.42,buy,0
1960,1747630963476,0.2102,82.98,sell,0
1961,1747630988613,0.2107,10,buy,0
1962,1747631030731,0.2101,117.39,sell,0
1963,1747631060543,0.2102,77.74,sell,0
1964,1747631065834,0.21,24.23,sell,0
1965,1747631065834,0.21,5.6,sell,0
1966,1747631065834,0.21,292.26,sell,0
1967,1747631065834,0.21,5.95,sell,0
1968,1747631065834,0.21,47.61,sell,0
1969,1747631065834,0.21,4.81,sell,0
1970,1747631065834,0.21,100,sell,0
1971,1747631065834,0.21,1552.5,sell,0
1972,1747631065834,0.21,6.91,sell,0
1973,1747631065834,0.21,53.31,sell,0
1974,1747631065834,0.21,211.65,sell,0
1975,1747631065834,0.21,16.12,sell,0
1976,1747631065839,0.21,250,sell,0
1977,1747631065839,0.21,400.27,sell,0
1978,1747631065839,0.21,201,sell,0
1979,1747631065839,0.21,100,sell,0
1980,1747631065839,0.21,142.85,sell,0
1981,1747631065839,0.21,856.23,sell,0
1982,1747631065839,0.21,78.76,sell,0
1983,1747631065839,0.21,379.62,sell,0
1984,1747631065850,0.21,64.88,sell,0
1985,1747631065851,0.21,11.04,sell,0
1986,1747631065851,0.21,393.82,sell,0
1987,1747631066209,0.21,71.33,buy,0
1988,1747631066209,0.21,404.86,buy,0
1989,1747631107422,0.2103,404.86,sell,0
1990,1747631108547,0.2104,447.77,buy,0
1991,1747631108547,0.2104,762.07,buy,0
1992,1747631117780,0.2108,1197.96,sell,0
1993,1747631119654,0.2107,1552.22,sell,0
1994,1747631119654,0.2107,771.74,sell,0
1995,1747631120666,0.2106,28.49,buy,0
1996,1747631130581,0.2105,120,sell,0
1997,1747631140950,0.2108,848.8,buy,0
1998,1747631140950,0.2108,77.34,buy,0
1999,1747631140950,0.2108,1475.16,buy,0
2000,1747631140958,0.2109,1069.6,buy,0
2001,1747631140958,0.2109,77.4,buy,0
2002,1747631140958,0.2109,404.86,buy,0
2003,1747631141056,0.2109,1197.96,buy,0
2004,1747631141061,0.2109,16.49,buy,0
2005,1747631144544,0.211,1498.48,sell,0
2006,1747631150335,0.2111,115.61,buy,0
2007,1747631160365,0.2109,78.12,sell,0
2008,1747631223253,0.2107,77.82,sell,0
2009,1747631232226,0.2106,77.82,sell,0
2010,1747631242365,0.2106,501.42,buy,0
2011,1747631251144,0.2108,78.8,sell,0
2012,1747631276584,0.2107,404.86,sell,0
2013,1747631276584,0.2107,404.86,sell,0
2014,1747631467156,0.2115,5.94,buy,0
2015,1747631467156,0.2115,78.7,buy,0
2016,1747631503310,0.2114,78.68,sell,0
2017,1747631522633,0.2112,78.64,sell,0
2018,1747631559681,0.211,78.68,sell,0
2019,1747631606727,0.2111,78.68,sell,0
2020,1747631615617,0.211,78.68,sell,0
2021,1747631691147,0.2112,404.86,buy,0
2022,1747631723901,0.2111,64.95,buy,0
2023,1747631723901,0.2111,37.32,buy,0
2024,1747631735575,0.2111,37.32,sell,0
2025,1747631735575,0.2111,41.42,sell,0
2026,1747631765372,0.2111,404.86,sell,0
2027,1747631778757,0.211,78.5,sell,0
2028,1747631810450,0.211,404.86,sell,0
2029,1747631833342,0.211,78.32,buy,0
2030,1747631854008,0.2115,78.32,buy,0
2031,1747631868477,0.2117,120.59,buy,0
2032,1747631922294,0.212,8.67,buy,0
2033,1747631922294,0.212,6.9,buy,0
2034,1747631939780,0.212,211.75,sell,0
2035,1747631971209,0.2121,117.95,buy,0
2036,1747631975771,0.2123,28.26,buy,0
2037,1747631975953,0.2123,47.1,buy,0
2038,1747631975957,0.2123,28.26,buy,0
2039,1747631975972,0.2123,47.1,buy,0
2040,1747631975977,0.2123,28.26,buy,0
2041,1747632072728,0.2119,23.55,buy,0
2042,1747632086185,0.2119,46.17,sell,0
2043,1747632086185,0.2119,38.93,sell,0
2044,1747632110119,0.2117,412.85,sell,0
2045,1747632139347,0.2114,982.48,sell,0
2046,1747632139347,0.2114,404.86,sell,0
2047,1747632139347,0.2113,78.28,sell,0
2048,1747632139347,0.2114,404.86,sell,0
2049,1747632139347,0.2113,1085.88,sell,0
2050,1747632139347,0.2114,223.18,sell,0
2051,1747632139347,0.2113,404.86,sell,0
2052,1747632199064,0.2114,77.88,buy,0
2053,1747632211807,0.2114,77.88,buy,0
2054,1747632292392,0.2113,1247.12,buy,0
2055,1747632316655,0.2111,122.75,sell,0
2056,1747632412716,0.2114,984.7,buy,0
2057,1747632412716,0.2114,238.79,buy,0
2058,1747632415687,0.2115,78.04,sell,0
2059,1747632423573,0.2114,1205.6,sell,0
2060,1747632464897,0.2111,78,sell,0
2061,1747632561368,0.2112,78.02,buy,0
2062,1747632572328,0.2113,404.86,buy,0
2063,1747632572328,0.2113,78.02,buy,0
2064,1747632572328,0.2113,404.86,buy,0
2065,1747632572328,0.2113,6470.54,buy,1
2066,1747632611802,0.2112,78.16,sell,0
2067,1747632618657,0.2112,41.17,buy,0
2068,1747632646648,0.2109,78.24,buy,0
2069,1747632647127,0.211,1193.93,buy,0
2070,1747632649920,0.2112,78.24,buy,0
2071,1747632650845,0.2113,1241.56,buy,0
2072,1747632650845,0.2113,78.2,buy,0
2073,1747632651072,0.2115,404.86,sell,0
2074,1747632651078,0.2116,77.86,buy,0
2075,1747632651078,0.2116,591.8,buy,0
2076,1747632651078,0.2116,651,buy,0
2077,1747632651138,0.2116,404.86,sell,0
2078,1747632651138,0.2116,404.86,sell,0
2079,1747632651173,0.2115,78.36,sell,0
2080,1747632651173,0.2115,404.86,sell,0
2081,1747632651173,0.2115,404.86,sell,0
2082,1747632651173,0.2116,404.86,sell,0
2083,1747632651173,0.2116,404.86,sell,0
2084,1747632651180,0.2117,165.87,buy,0
2085,1747632651182,0.2117,238.99,buy,0
2086,1747632651236,0.2117,95.14,buy,0
2087,1747632651236,0.2117,203.04,buy,0
2088,1747632651241,0.2117,985.46,buy,0
2089,1747632651274,0.2116,404.86,sell,0
2090,1747632651274,0.2116,78.36,sell,0
2091,1747632651274,0.2117,404.86,sell,0
2092,1747632651274,0.2117,78.56,sell,0
2093,1747632651274,0.2117,404.86,sell,0
2094,1747632651299,0.2118,500,buy,0
2095,1747632651330,0.2117,78,sell,0
2096,1747632651336,0.2117,78,sell,0
2097,1747632651336,0.2117,326.86,sell,0
2098,1747632651377,0.2117,78.56,sell,0
2099,1747632651384,0.2117,78.56,sell,0
2100,1747632651384,0.2116,78.56,sell,0
2101,1747632651384,0.2117,248.3,sell,0
2102,1747632651384,0.2117,404.86,sell,0
2103,1747632651398,0.2119,78.56,buy,0
2104,1747632651398,0.2119,500,buy,0
2105,1747632651417,0.2119,57.99,buy,0
2106,1747632651424,0.2119,500,buy,0
2107,1747632651424,0.212,1052.5,buy,0
2108,1747632651429,0.212,817.12,buy,0
2109,1747632651436,0.212,78.56,buy,0
2110,1747632651436,0.2121,120.17,buy,0
2111,1747632651436,0.2121,78.56,buy,0
2112,1747632651436,0.2121,1275.21,buy,0
2113,1747632651441,0.2121,1724.79,buy,0
2114,1747632651458,0.2118,250.62,sell,0
2115,1747632651458,0.2119,79,sell,0
2116,1747632651458,0.212,75.24,sell,0
2117,1747632651477,0.2119,55.28,buy,0
2118,1747632651478,0.2119,444.72,buy,0
2119,1747632651489,0.2122,75.24,buy,0
2120,1747632651509,0.2119,37.21,sell,0
2121,1747632651509,0.2119,293.23,sell,0
2122,1747632651509,0.2119,37.21,sell,0
2123,1747632651509,0.2119,37.21,sell,0
2124,1747632651511,0.2119,293.23,sell,0
2125,1747632651511,0.2119,111.63,sell,0
2126,1747632651532,0.2121,3000,buy,0
2127,1747632651536,0.212,233.24,sell,0
2128,1747632651611,0.212,404.86,sell,0
2129,1747632651630,0.212,51.11,buy,0
2130,1747632651836,0.212,37.21,sell,0
2131,1747632651872,0.212,404.86,sell,0
2132,1747632651877,0.212,59.72,sell,0
2133,1747632651878,0.212,37.21,sell,0
2134,1747632651881,0.212,37.21,sell,0
2135,1747632651898,0.212,53.34,sell,0
2136,1747632651899,0.212,37.21,sell,0
2137,1747632651900,0.212,37.21,sell,0
2138,1747632651959,0.212,49.84,sell,0
2139,1747632651960,0.212,37.21,sell,0
2140,1747632651960,0.212,37.21,sell,0
2141,1747632651968,0.2121,285.86,buy,0
2142,1747632651971,0.2121,981.37,buy,0
2143,1747632651971,0.2121,76.24,buy,0
2144,1747632651971,0.2121,1420.79,buy,0
2145,1747632651972,0.212,404.86,sell,0
2146,1747632652045,0.2121,51.66,sell,0
2147,1747632652047,0.2121,37.21,sell,0
2148,1747632652047,0.2121,37.21,sell,0
2149,1747632652075,0.2122,76.58,buy,0
2150,1747632652080,0.2121,278.78,sell,0
2151,1747632652096,0.2121,76.58,buy,0
2152,1747632652139,0.212,37.21,sell,0
2153,1747632652139,0.212,60.8,sell,0
2154,1747632652311,0.2122,2323.96,sell,0
2155,1747632652361,0.2122,77.38,buy,0
2156,1747632652382,0.2122,77.38,buy,0
2157,1747632652401,0.2123,75.24,buy,0
2158,1747632652428,0.2123,77.24,buy,0
2159,1747632652456,0.2123,77.24,buy,0
2160,1747632652477,0.2123,77.24,buy,0
2161,1747632652531,0.2123,42.51,buy,0
2162,1747632652531,0.2124,75.24,buy,0
2163,1747632652531,0.2124,385.78,buy,0
2164,1747632652539,0.2124,879.68,buy,0
2165,1747632652539,0.2124,1194.29,buy,0
2166,1747632652675,0.2124,42.51,buy,0
2167,1747632652675,0.2124,77.18,buy,0
2168,1747632652745,0.2125,1420.79,buy,0
2169,1747632652745,0.2125,75.24,buy,0
2170,1747632652789,0.2124,77.18,sell,0
2171,1747632652789,0.2123,77.18,sell,0
2172,1747632652789,0.2123,2246.78,sell,0
2173,1747632652819,0.2124,65.36,buy,0
2174,1747632653452,0.2124,2323.96,sell,0
2175,1747632653763,0.2126,1201.12,buy,0
2176,1747632653763,0.2126,2323.96,buy,0
2177,1747632653763,0.2126,76.66,buy,0
2178,1747632654192,0.2125,28.23,buy,0
2179,1747632654254,0.2123,76.66,sell,0
2180,1747632654254,0.2123,1199.16,sell,0
2181,1747632654260,0.2122,2323.96,sell,0
2182,1747632654267,0.2121,2323.96,sell,0
2183,1747632654310,0.212,78.82,sell,0
2184,1747632654310,0.212,500,sell,0
2185,1747632654339,0.2119,78.82,sell,0
2186,1747632654349,0.2119,37.08,buy,0
2187,1747632654352,0.2118,79,sell,0
2188,1747632654352,0.2119,64.98,buy,0
2189,1747632654353,0.2119,102,buy,0
2190,1747632654353,0.2119,302.8,buy,0
2191,1747632654358,0.212,404.86,buy,0
2192,1747632654358,0.212,1616.24,buy,0
2193,1747632654358,0.2119,404.86,buy,0
2194,1747632654358,0.2119,302.86,buy,0
2195,1747632654369,0.2119,37.08,sell,0
2196,1747632654371,0.2119,37.08,sell,0
2197,1747632654375,0.2119,1378.68,sell,0
2198,1747632654375,0.2119,41.74,sell,0
2199,1747632654377,0.2119,500,sell,0
2200,1747632654403,0.2119,2000,buy,0
2201,1747632654403,0.2118,252.92,sell,0
2202,1747632654403,0.2118,78.82,sell,0
2203,1747632654404,0.2118,247.08,sell,0
2204,1747632654409,0.2118,1416.43,sell,0
2205,1747632654438,0.2117,78.56,sell,0
2206,1747632654442,0.2119,323.94,buy,0
2207,1747632654442,0.2118,404.86,buy,0
2208,1747632654467,0.2117,79.26,sell,0
2209,1747632654470,0.2117,79.26,sell,0
2210,1747632654475,0.2117,79.26,sell,0
2211,1747632654477,0.2117,341.48,sell,0
2212,1747632654482,0.2117,79.26,sell,0
2213,1747632654483,0.2116,500,sell,0
2214,1747632654483,0.2116,78.56,sell,0
2215,1747632654504,0.2116,79.26,sell,0
2216,1747632654513,0.2117,79.26,sell,0
2217,1747632654520,0.2116,79.26,sell,0
2218,1747632654656,0.2117,2323.96,buy,0
2219,1747632654673,0.2118,42.47,buy,0
2220,1747632654756,0.2118,362.39,buy,0
2221,1747632654756,0.2118,1189.59,buy,0
2222,1747632654756,0.2118,404.86,buy,0
2223,1747632654856,0.2119,404.86,buy,0
2224,1747632654856,0.2119,404.86,buy,0
2225,1747632654876,0.2119,42.86,buy,0
2226,1747632654876,0.2119,37.08,buy,0
2227,1747632654876,0.2119,37.08,buy,0
2228,1747632654963,0.2119,287.84,buy,0
2229,1747632654963,0.2119,1198.53,buy,0
2230,1747632654963,0.2119,404.86,buy,0
2231,1747632655073,0.2119,404.86,buy,0
2232,1747632655073,0.2119,404.86,buy,0
2233,1747632655125,0.2118,44.7,sell,0
2234,1747632655175,0.2119,404.86,buy,0
2235,1747632655175,0.2119,404.86,buy,0
2236,1747632655207,0.2117,2323.96,sell,0
2237,1747632655207,0.2117,1417.09,sell,0
2238,1747632655207,0.2117,226.88,sell,0
2239,1747632655207,0.2117,978.84,sell,0
2240,1747632655236,0.2117,1417.09,sell,0
2241,1747632655287,0.2116,404.86,buy,0
2242,1747632655297,0.2116,404.86,buy,0
2243,1747632655337,0.2116,404.86,buy,0
2244,1747632655337,0.2116,404.86,buy,0
2245,1747632655337,0.2116,80.82,buy,0
2246,1747632655343,0.2116,404.86,buy,0
2247,1747632655467,0.2117,2323.96,buy,0
2248,1747632655467,0.2118,304.54,buy,0
2249,1747632655589,0.2116,1235.46,sell,0
2250,1747632656396,0.2115,1191.87,sell,0
2251,1747632657202,0.2116,28.35,buy,0
2252,1747632657386,0.2115,404.86,buy,0
2253,1747632657386,0.2115,82.5,buy,0
2254,1747632657386,0.2115,404.86,buy,0
2255,1747632658397,0.2114,404.86,sell,0
2256,1747632660608,0.2112,2026.03,sell,0
2257,1747632660691,0.2111,121.86,sell,0
2258,1747632662593,0.2108,709.07,sell,0
2259,1747632662594,0.2108,1614.89,sell,0
2260,1747632662672,0.2107,43.14,sell,0
2261,1747632663403,0.2106,64.89,sell,0
2262,1747632663482,0.2105,1196.08,sell,0
2263,1747632663482,0.2105,82.4,sell,0
2264,1747632663558,0.2104,651.68,sell,0
2265,1747632663921,0.2105,62.38,buy,0
2266,1747632663922,0.2105,1552.5,buy,0
2267,1747632663925,0.2105,709.08,buy,0
2268,1747632663939,0.2106,168.09,buy,0
2269,1747632664177,0.2107,404.86,sell,0
2270,1747632664218,0.2108,404.86,sell,0
2271,1747632664338,0.2109,404.86,sell,0
2272,1747632664358,0.2109,404.86,sell,0
2273,1747632664397,0.2109,404.86,sell,0
2274,1747632664774,0.2108,404.86,sell,0
2275,1747632664774,0.2108,404.86,sell,0
2276,1747632666054,0.2109,404.86,buy,0
2277,1747632666054,0.2109,404.86,buy,0
2278,1747632666054,0.2109,82.26,buy,0
2279,1747632666292,0.2108,404.86,sell,0
2280,1747632666292,0.2108,404.86,sell,0
2281,1747632666292,0.2108,2323.96,sell,0
2282,1747632667279,0.211,322.78,buy,0
2283,1747632667477,0.211,53.9,sell,0
2284,1747632667481,0.211,350.96,sell,0
2285,1747632669494,0.2113,82.18,buy,0
2286,1747632669562,0.2114,404.86,sell,0
2287,1747632669607,0.2114,404.86,sell,0
2288,1747632671781,0.2115,404.86,sell,0
2289,1747632671781,0.2114,190.76,sell,0
2290,1747632671781,0.2115,404.86,sell,0
2291,1747632671781,0.2114,82.52,sell,0
2292,1747632672777,0.2116,1347.83,buy,0
2293,1747632675589,0.2117,1402.48,sell,0
2294,1747632675589,0.2117,404.86,sell,0
2295,1747632675589,0.2117,404.86,sell,0
2296,1747632675639,0.2117,82.72,sell,0
2297,1747632675639,0.2117,217.73,sell,0
2298,1747632679094,0.2114,82.56,sell,0
2299,1747632680168,0.2114,205.05,buy,0
2300,1747632680172,0.2114,1215.06,buy,0
2301,1747632753437,0.2116,337.44,buy,0
2302,1747632753441,0.2116,854.22,buy,0
2303,1747632762823,0.2118,404.86,sell,0
2304,1747632762823,0.2118,404.86,sell,0
2305,1747632762823,0.2118,322.11,sell,0
2306,1747632766002,0.2119,1219.89,sell,0
2307,1747632806402,0.2112,289.11,sell,0
2308,1747632861070,0.212,404.78,buy,0
2309,1747632891376,0.2121,120.92,buy,0
2310,1747632934287,0.212,1500,sell,0
2311,1747632991147,0.2116,47.25,sell,0
2312,1747632996758,0.2114,525.62,sell,0
2313,1747632996758,0.2114,681.4,sell,0
2314,1747633023518,0.2115,141.91,sell,0
2315,1747633091599,0.2119,404.86,buy,0
2316,1747633091599,0.2119,404.86,buy,0
2317,1747633129018,0.2124,83.38,buy,0
2318,1747633146786,0.2125,659.37,buy,0
2319,1747633146786,0.2125,579.4,buy,0
2320,1747633231443,0.2121,1639.63,buy,0
2321,1747633231461,0.2121,684.33,buy,0
2322,1747633279551,0.2126,37.06,buy,0
2323,1747633279551,0.2126,9.97,buy,0
2324,1747633284298,0.2126,45.07,sell,0
2325,1747633319790,0.2127,684.33,sell,0
2326,1747633319790,0.2127,1639.63,sell,0
2327,1747633321531,0.2124,71.06,sell,0
2328,1747633330959,0.2124,162.99,sell,0
2329,1747633330959,0.2124,12.14,sell,0
2330,1747633330963,0.2124,1084.48,sell,0
2331,1747633350288,0.2125,83.54,buy,0
2332,1747633355942,0.2124,1221.63,sell,0
2333,1747633386052,0.212,1266.8,buy,0
2334,1747633386052,0.212,766.7,buy,0
2335,1747633386054,0.212,3472.81,buy,0
2336,1747633386056,0.212,1841.69,buy,0
2337,1747633427417,0.212,1241.14,sell,0
2338,1747633453701,0.2122,242.9,buy,0
2339,1747633470960,0.2121,83.98,sell,0
2340,1747633470960,0.2121,1190.12,sell,0
2341,1747633509827,0.212,932.55,sell,0
2342,1747633509827,0.212,278.05,sell,0
2343,1747633535298,0.2118,61.6,buy,0
2344,1747633583994,0.2123,242.9,buy,0
2345,1747633602227,0.2123,84.72,buy,0
2346,1747633672249,0.2121,84.64,buy,0
2347,1747633672411,0.2122,121.4,buy,0
2348,1747633704076,0.212,69.9,buy,0
2349,1747633724599,0.212,14.74,buy,0
2350,1747633724612,0.2121,121.4,buy,0
2351,1747633758019,0.2122,84.64,buy,0
2352,1747633758019,0.2122,62.16,buy,0
2353,1747633831282,0.2117,242.99,sell,0
2354,1747633831282,0.2118,404.86,sell,0
2355,1747633844085,0.2115,83.2,sell,0
2356,1747633844085,0.2115,404.86,sell,0
2357,1747633857543,0.2117,83.4,buy,0
2358,1747633857546,0.2118,121.4,buy,0
2359,1747633883078,0.2116,83.22,buy,0
2360,1747633884900,0.2117,83.22,buy,0
2361,1747633895996,0.2118,83.58,buy,0
2362,1747633895996,0.2119,37.82,buy,0
2363,1747633995667,0.212,54.9,buy,0
2364,1747634037799,0.212,47.83,sell,0
2365,1747634042870,0.2118,82.9,sell,0
2366,1747634068086,0.2119,82.74,buy,0
2367,1747634068086,0.2119,38.66,buy,0
2368,1747634147346,0.2114,1195.65,sell,0
2369,1747634157457,0.2116,121.4,buy,0
2370,1747634158226,0.2113,404.86,sell,0
2371,1747634158226,0.2114,82.74,sell,0
2372,1747634158226,0.2113,833.98,sell,0
2373,1747634158226,0.2114,404.86,sell,0
2374,1747634158226,0.2114,404.86,sell,0
2375,1747634158226,0.2113,82.7,sell,0
2376,1747634178316,0.2113,127,buy,0
2377,1747634202445,0.2113,30,buy,0
2378,1747634206862,0.2113,1277.69,buy,0
2379,1747634206862,0.2113,1034.68,buy,0
2380,1747634206868,0.2113,11.59,buy,0
2381,1747634217461,0.2115,404.86,buy,0
2382,1747634217461,0.2115,209.46,buy,0
2383,1747634217461,0.2115,82.78,buy,0
2384,1747634325910,0.2118,79.33,buy,0
2385,1747634335665,0.2119,117.67,buy,0
2386,1747634335665,0.2118,3.73,buy,0
2387,1747634414807,0.2118,1216.04,sell,0
2388,1747634417536,0.2118,83.26,buy,0
2389,1747634419367,0.2119,404.86,buy,0
2390,1747634419367,0.2119,404.86,buy,0
2391,1747634470997,0.212,83.28,buy,0
2392,1747634471001,0.2121,242.9,buy,0
2393,1747634503701,0.2119,1220.09,sell,0
2394,1747634516239,0.2121,82.86,buy,0
2395,1747634525514,0.2124,84.64,buy,0
2396,1747634537484,0.2126,83.4,buy,0
2397,1747634537484,0.2126,47.25,buy,0
2398,1747634543686,0.2127,151.95,buy,0
2399,1747634556988,0.2125,145.46,buy,0
2400,1747634556988,0.2125,83.38,buy,0
2401,1747634559756,0.2124,307.39,sell,0
2402,1747634722586,0.2118,1225.46,sell,0
2403,1747634744599,0.2119,1248,sell,0
2404,1747634808191,0.2121,49.71,sell,0
2405,1747634808195,0.2121,1198.35,sell,0
2406,1747634811967,0.2122,404.86,buy,0
2407,1747634811967,0.2122,404.86,buy,0
2408,1747634862503,0.213,119.33,buy,0
2409,1747634862503,0.213,33.2,buy,0
2410,1747634862503,0.213,7.41,buy,0
2411,1747634862503,0.213,78.7,buy,0
2412,1747634862503,0.213,5.94,buy,0
2413,1747634872716,0.2132,7.94,buy,0
2414,1747634872716,0.2132,6.13,buy,0
2415,1747634902145,0.2134,7.64,buy,0
2416,1747634938746,0.2133,1249.31,sell,0
2417,1747634948089,0.2132,36.45,buy,0
2418,1747634962938,0.2132,404.86,buy,0
2419,1747634962938,0.2133,127.92,buy,0
2420,1747634962938,0.2132,404.86,buy,0
2421,1747635118727,0.2135,165.66,buy,0
2422,1747635167308,0.2133,83.02,sell,0
2423,1747635182273,0.2137,8.67,buy,0
2424,1747635182309,0.2138,47.35,buy,0
2425,1747635192150,0.2139,11.22,buy,0
2426,1747635196438,0.214,6.9,buy,0
2427,1747635196438,0.214,130.58,buy,0
2428,1747635233045,0.2139,145.27,sell,0
2429,1747635235130,0.2139,49.69,sell,0
2430,1747635235492,0.2139,49.64,sell,0
2431,1747635236396,0.2141,500,buy,0
2432,1747635236396,0.2141,133.47,buy,0
2433,1747635236396,0.2141,82.82,buy,0
2434,1747635236396,0.2141,404.86,buy,0
2435,1747635236396,0.214,404.86,buy,0
2436,1747635236396,0.2141,404.86,buy,0
2437,1747635236396,0.214,404.86,buy,0
2438,1747635304231,0.2138,70.15,buy,0
2439,1747635364059,0.213,132.31,sell,0
2440,1747635379153,0.2129,82.5,sell,0
2441,1747635386525,0.2128,146.37,sell,0
2442,1747635394101,0.2129,46.99,buy,0
2443,1747635435101,0.213,584.25,buy,0
2444,1747635435101,0.213,646.19,buy,0
2445,1747635516714,0.2133,81.68,sell,0
2446,1747635516714,0.2133,58.96,sell,0
2447,1747635539349,0.2133,404.86,sell,0
2448,1747635539349,0.2132,404.86,sell,0
2449,1747635539349,0.2132,98.57,sell,0
2450,1747635539349,0.2133,404.86,sell,0
2451,1747635543732,0.2132,81.68,sell,0
2452,1747635553475,0.2131,81.68,sell,0
2453,1747635606773,0.2129,52.37,buy,0
2454,1747635606773,0.2129,81.34,buy,0
2455,1747635710302,0.2127,236.42,sell,0
2456,1747635710302,0.2127,404.86,sell,0
2457,1747635710304,0.2127,1036.61,sell,0
2458,1747635710304,0.2127,505.8,sell,0
2459,1747635823047,0.2121,124.39,sell,0
2460,1747635823048,0.2121,5.05,sell,0
2461,1747635836057,0.212,6.91,sell,0
2462,1747635836057,0.212,8.68,sell,0
2463,1747635918890,0.2119,280,buy,0
2464,1747635925861,0.212,404.86,buy,0
2465,1747635925861,0.212,671.69,buy,0
2466,1747635925861,0.212,404.86,buy,0
2467,1747636105546,0.2122,558.13,buy,0
2468,1747636105547,0.2122,689.15,buy,0
2469,1747636106279,0.2123,76.98,sell,0
2470,1747636106279,0.2123,1238.56,sell,0
2471,1747636109887,0.2123,1223.39,sell,0
2472,1747636181706,0.2123,42.67,sell,0
2473,1747636181706,0.2123,37.11,sell,0
2474,1747636181781,0.2122,249.32,sell,0
2475,1747636181816,0.2122,689.04,sell,0
2476,1747636282557,0.2118,1213.64,sell,0
2477,1747636304302,0.2115,6.14,sell,0
2478,1747636304302,0.2115,47.4,sell,0
2479,1747636304302,0.2115,5.95,sell,0
2480,1747636304302,0.2115,78.76,sell,0
2481,1747636322916,0.2113,46.73,buy,0
2482,1747636322916,0.2113,37.27,buy,0
2483,1747636324883,0.2114,49.76,buy,0
2484,1747636353070,0.2113,51.3,buy,0
2485,1747636353071,0.2113,37.28,buy,0
2486,1747636353071,0.2113,37.28,buy,0
2487,1747636353073,0.2113,1139.02,buy,0
2488,1747636353073,0.2113,80.59,buy,0
2489,1747636353073,0.2113,1296.27,buy,0
2490,1747636361260,0.2113,37.28,sell,0
2491,1747636361260,0.2113,37.28,sell,0
2492,1747636411087,0.2115,741.56,sell,0
2493,1747636411087,0.2116,1211.76,sell,0
2494,1747636411087,0.2115,76.84,sell,0
2495,1747636411087,0.2114,404.86,sell,0
2496,1747636411087,0.2114,76.84,sell,0
2497,1747636411091,0.2113,76.84,sell,0
2498,1747636411091,0.2113,404.86,sell,0
2499,1747636411111,0.2114,76.82,buy,0
2500,1747636411144,0.2114,404.86,sell,0
2501,1747636411144,0.2113,404.86,sell,0
2502,1747636411144,0.2114,404.86,sell,0
2503,1747636411144,0.2114,76.82,sell,0
2504,1747636411144,0.2113,10.1,sell,0
2505,1747636411144,0.2114,500,sell,0
2506,1747636411144,0.2115,48.5,sell,0
2507,1747636411145,0.2115,109.67,sell,0
2508,1747636411145,0.2115,109.67,sell,0
2509,1747636411183,0.2115,404.86,sell,0
2510,1747636411183,0.2115,404.86,sell,0
2511,1747636436345,0.2111,125.48,sell,0
2512,1747636437323,0.211,236.96,sell,0
2513,1747636440146,0.211,893.17,buy,0
2514,1747636440151,0.211,350.14,buy,0
2515,1747636443021,0.211,49.85,buy,0
2516,1747636444245,0.2109,7.42,sell,0
2517,1747636445650,0.2108,11.24,sell,0
2518,1747636461675,0.2107,7.65,sell,0
2519,1747636473657,0.2108,1238.14,buy,0
2520,1747636476118,0.2108,404.86,sell,0
2521,1747636476118,0.2108,404.86,sell,0
2522,1747636477352,0.2109,71.12,buy,0
2523,1747636500345,0.2106,1234.29,buy,0
2524,1747636505218,0.2105,237.52,sell,0
2525,1747636508605,0.2104,50,sell,0
2526,1747636508605,0.2104,33.24,sell,0
2527,1747636510580,0.2104,638.49,buy,0
2528,1747636514272,0.2103,7.95,sell,0
2529,1747636514272,0.2103,8.68,sell,0
2530,1747636526540,0.2105,318.21,buy,0
2531,1747636540788,0.2106,404.86,buy,0
2532,1747636540788,0.2106,69.97,buy,0
2533,1747636560481,0.2107,1233.68,sell,0
2534,1747636570990,0.2107,1024.75,sell,0
2535,1747636619039,0.2107,44.54,buy,0
2536,1747636619039,0.2107,37.4,buy,0
2537,1747636619039,0.2107,37.4,buy,0
2538,1747636619039,0.2107,37.4,buy,0
2539,1747636619040,0.2107,1081.87,buy,0
2540,1747636620993,0.2108,1552.5,sell,0
2541,1747636620993,0.2108,828.09,sell,0
2542,1747636620993,0.2108,771.46,sell,0
2543,1747636620994,0.2108,369.09,sell,0
2544,1747636668106,0.2105,75.98,sell,0
2545,1747636668106,0.2105,1198.08,sell,0
2546,1747636787231,0.2113,404.86,buy,0
2547,1747636787231,0.2113,404.86,buy,0
2548,1747636787231,0.2113,76.4,buy,0
2549,1747636794515,0.2111,1191.63,sell,0
2550,1747636801515,0.2107,404.86,sell,0
2551,1747636801515,0.2107,404.86,sell,0
2552,1747636833996,0.2105,175.27,sell,0
2553,1747636852342,0.2107,76.88,buy,0
2554,1747636852982,0.2108,1243.39,buy,0
2555,1747636889929,0.2106,26.54,buy,0
2556,1747636907777,0.2105,77.16,sell,0
2557,1747636976353,0.2105,13,sell,0
2558,1747636980729,0.2107,76.98,buy,0
2559,1747637028008,0.2109,268.86,buy,0
2560,1747637038067,0.2107,47.95,sell,0
2561,1747637038067,0.2107,37.39,sell,0
2562,1747637041312,0.2107,89.7,buy,0
2563,1747637083017,0.2109,404.86,buy,0
2564,1747637083017,0.2109,40.28,buy,0
2565,1747637083017,0.2109,404.86,buy,0
2566,1747637083023,0.2109,404.86,buy,0
2567,1747637083023,0.2109,404.86,buy,0
2568,1747637083028,0.211,404.86,buy,0
2569,1747637083028,0.211,1305.52,buy,0
2570,1747637083028,0.211,77.16,buy,0
2571,1747637083028,0.211,404.86,buy,0
2572,1747637083028,0.211,314.2,buy,0
2573,1747637083035,0.211,38.52,buy,0
2574,1747637083035,0.211,38.52,buy,0
2575,1747637083035,0.211,38.52,buy,0
2576,1747637083035,0.211,38.52,buy,0
2577,1747637083035,0.211,51.95,buy,0
2578,1747637083035,0.211,38.52,buy,0
2579,1747637083035,0.211,38.52,buy,0
2580,1747637083037,0.211,404.86,buy,0
2581,1747637083037,0.211,622.66,buy,0
2582,1747637101976,0.2111,1244.97,sell,0
2583,1747637116153,0.211,885.63,sell,0
2584,1747637116153,0.211,38.68,sell,0
2585,1747637116153,0.211,38.52,sell,0
2586,1747637118361,0.2109,1107.36,sell,0
2587,1747637171826,0.2113,404.86,buy,0
2588,1747637171826,0.2113,76.58,buy,0
2589,1747637197772,0.2116,473.97,buy,0
2590,1747637197772,0.2116,1078.37,buy,0
2591,1747637197772,0.2116,115.55,buy,0
2592,1747637219838,0.2115,77.46,sell,0
2593,1747637222007,0.2114,77.46,sell,0
2594,1747637238784,0.2113,61.42,sell,0
2595,1747637238784,0.2113,37.28,sell,0
2596,1747637292387,0.2114,404.86,buy,0
2597,1747637292387,0.2114,404.86,buy,0
2598,1747637300704,0.2114,307.25,sell,0
2599,1747637300704,0.2114,4695.49,sell,0
2600,1747637411629,0.2112,76.9,sell,0
2601,1747637419973,0.2111,76.9,sell,0
2602,1747637423239,0.211,76.9,sell,0
2603,1747637478835,0.2108,404.86,buy,0
2604,1747637643748,0.2107,37.39,buy,0
2605,1747637643748,0.2107,47.48,buy,0
2606,1747637663400,0.2106,685.83,buy,0
2607,1747637748410,0.2104,404.86,sell,0
2608,1747637748410,0.2104,404.86,sell,0
2609,1747637751067,0.2104,2323.96,buy,0
2610,1747637779243,0.2101,106.21,sell,0
2611,1747637781328,0.2101,106.52,buy,0
2612,1747637787357,0.2101,78,buy,0
2613,1747637789153,0.21,6.91,sell,0
2614,1747637789153,0.21,679.84,sell,0
